<!DOCTYPE html>
<meta charset="utf-8" />
<!-- version 1 -->
<title>[Gen 7] Random Battle replay: MrGreat88 vs. Mrs Prodigy</title>
<style>
html,body {font-family:Verdana, sans-serif;font-size:10pt;margin:0;padding:0;}body{padding:12px 0;} .battle-log {font-family:Verdana, sans-serif;font-size:10pt;} .battle-log-inline {border:1px solid #AAAAAA;background:#EEF2F5;color:black;max-width:640px;margin:0 auto 80px;padding-bottom:5px;} .battle-log .inner {padding:4px 8px 0px 8px;} .battle-log .inner-preempt {padding:0 8px 4px 8px;} .battle-log .inner-after {margin-top:0.5em;} .battle-log h2 {margin:0.5em -8px;padding:4px 8px;border:1px solid #AAAAAA;background:#E0E7EA;border-left:0;border-right:0;font-family:Verdana, sans-serif;font-size:13pt;} .battle-log .chat {vertical-align:middle;padding:3px 0 3px 0;font-size:8pt;} .battle-log .chat strong {color:#40576A;} .battle-log .chat em {padding:1px 4px 1px 3px;color:#000000;font-style:normal;} .chat.mine {background:rgba(0,0,0,0.05);margin-left:-8px;margin-right:-8px;padding-left:8px;padding-right:8px;} .spoiler {color:#BBBBBB;background:#BBBBBB;padding:0px 3px;} .spoiler:hover, .spoiler:active, .spoiler-shown {color:#000000;background:#E2E2E2;padding:0px 3px;} .spoiler a {color:#BBBBBB;} .spoiler:hover a, .spoiler:active a, .spoiler-shown a {color:#2288CC;} .chat code, .chat .spoiler:hover code, .chat .spoiler:active code, .chat .spoiler-shown code {border:1px solid #C0C0C0;background:#EEEEEE;color:black;padding:0 2px;} .chat .spoiler code {border:1px solid #CCCCCC;background:#CCCCCC;color:#CCCCCC;} .battle-log .rated {padding:3px 4px;} .battle-log .rated strong {color:white;background:#89A;padding:1px 4px;border-radius:4px;} .spacer {margin-top:0.5em;} .message-announce {background:#6688AA;color:white;padding:1px 4px 2px;} .message-announce a, .broadcast-green a, .broadcast-blue a, .broadcast-red a {color:#DDEEFF;} .broadcast-green {background-color:#559955;color:white;padding:2px 4px;} .broadcast-blue {background-color:#6688AA;color:white;padding:2px 4px;} .infobox {border:1px solid #6688AA;padding:2px 4px;} .infobox-limited {max-height:200px;overflow:auto;overflow-x:hidden;} .broadcast-red {background-color:#AA5544;color:white;padding:2px 4px;} .message-learn-canlearn {font-weight:bold;color:#228822;text-decoration:underline;} .message-learn-cannotlearn {font-weight:bold;color:#CC2222;text-decoration:underline;} .message-effect-weak {font-weight:bold;color:#CC2222;} .message-effect-resist {font-weight:bold;color:#6688AA;} .message-effect-immune {font-weight:bold;color:#666666;} .message-learn-list {margin-top:0;margin-bottom:0;} .message-throttle-notice, .message-error {color:#992222;} .message-overflow, .chat small.message-overflow {font-size:0pt;} .message-overflow::before {font-size:9pt;content:'...';} .subtle {color:#3A4A66;}
</style>
<div class="wrapper replay-wrapper" style="max-width:1180px;margin:0 auto">
<input type="hidden" name="replayid" value="gen7randombattle-566984980" />
<div class="battle"></div><div class="battle-log"></div><div class="replay-controls"></div><div class="replay-controls-2"></div>
<h1 style="font-weight:normal;text-align:center"><strong>[Gen 7] Random Battle</strong><br /><a href="http://pokemonshowdown.com/users/mrgreat88" class="subtle" target="_blank">MrGreat88</a> vs. <a href="http://pokemonshowdown.com/users/mrsprodigy" class="subtle" target="_blank">Mrs Prodigy</a></h1>
<script type="text/plain" class="battle-log-data">|j|MrGreat88
|j|Mrs Prodigy
|player|p1|MrGreat88|200
|player|p2|Mrs Prodigy|78
|gametype|singles
|gen|7
|tier|[Gen 7] Random Battle
|rated
|seed|43201,56902,56181,30456,3845,8991,63335,38766,49529,60358,21451,28051
|rule|Sleep Clause Mod: Limit one foe put to sleep
|rule|HP Percentage Mod: HP is shown in percentages
|
|start
|switch|p1a: Flygon|Flygon, L79, M|100\/100
|switch|p2a: Plusle|Plusle, L75, F|100\/100
|turn|1
|choice|move earthquake|switch 2
|
|switch|p2a: Phione|Phione, L79|100\/100
|move|p1a: Flygon|Earthquake|p2a: Phione
|-damage|p2a: Phione|41\/100
|
|upkeep
|turn|2
|choice|move earthquake|move scald
|
|move|p1a: Flygon|Earthquake|p2a: Phione
|-crit|p2a: Phione
|-damage|p2a: Phione|0 fnt
|faint|p2a: Phione
|
|upkeep
|choice||switch 4
|
|switch|p2a: Slurpuff|Slurpuff, L79, M|100\/100
|turn|3
|inactive|Battle timer is ON: inactive players will automatically lose when time's up. (requested by Mrs Prodigy)
|choice|switch 2|move drainingkiss
|
|switch|p1a: Tangrowth|Tangrowth, L75, M|100\/100
|move|p2a: Slurpuff|Draining Kiss|p1a: Tangrowth
|-crit|p1a: Tangrowth
|-damage|p1a: Tangrowth|62\/100
|
|upkeep
|turn|4
|choice|move rockslide|switch 6
|
|switch|p2a: Chatot|Chatot, L79, M|100\/100
|move|p1a: Tangrowth|Rock Slide|p2a: Chatot
|-supereffective|p2a: Chatot
|-damage|p2a: Chatot|28\/100
|-damage|p1a: Tangrowth|52\/100|[from] item: Life Orb
|
|-heal|p2a: Chatot|34\/100|[from] item: Leftovers
|upkeep
|turn|5
|choice|switch 6|move boomburst
|
|switch|p1a: Mamoswine|Mamoswine, L75, F|100\/100
|move|p2a: Chatot|Boomburst|p1a: Mamoswine
|-damage|p1a: Mamoswine|37\/100
|
|-heal|p2a: Chatot|40\/100|[from] item: Leftovers
|upkeep
|turn|6
|choice|move stealthrock|move boomburst
|
|move|p2a: Chatot|Boomburst|p1a: Mamoswine
|-damage|p1a: Mamoswine|0 fnt
|faint|p1a: Mamoswine
|
|-heal|p2a: Chatot|46\/100|[from] item: Leftovers
|upkeep
|choice|switch 4|
|
|switch|p1a: Marowak|Marowak-Alola, L75, M|100\/100
|turn|7
|choice|move flareblitz|switch 5
|
|switch|p2a: Golem|Golem-Alola, L79, F|100\/100
|-item|p2a: Golem|Air Balloon
|move|p1a: Marowak|Flare Blitz|p2a: Golem
|-resisted|p2a: Golem
|-damage|p2a: Golem|75\/100
|-enditem|p2a: Golem|Air Balloon
|-damage|p1a: Marowak|91\/100|[from] recoil|[of] p2a: Golem
|
|upkeep
|turn|8
|choice|switch 2|move toxic
|
|switch|p1a: Flygon|Flygon, L79, M|100\/100
|move|p2a: Golem|Toxic|p1a: Flygon
|-status|p1a: Flygon|tox
|
|-damage|p1a: Flygon|94\/100 tox|[from] psn
|upkeep
|turn|9
|choice|move firepunch|switch 5
|
|switch|p2a: Chatot|Chatot, L79, M|46\/100
|move|p1a: Flygon|Fire Punch|p2a: Chatot
|-damage|p2a: Chatot|0 fnt
|faint|p2a: Chatot
|
|-damage|p1a: Flygon|82\/100 tox|[from] psn
|upkeep
|choice||switch 6
|
|switch|p2a: Slurpuff|Slurpuff, L79, M|100\/100
|turn|10
|choice|switch 2|move calmmind
|
|switch|p1a: Marowak|Marowak-Alola, L75, M|91\/100
|move|p2a: Slurpuff|Calm Mind|p2a: Slurpuff
|-boost|p2a: Slurpuff|spa|1
|-boost|p2a: Slurpuff|spd|1
|
|upkeep
|turn|11
|choice|move willowisp|move surf
|
|move|p2a: Slurpuff|Surf|p1a: Marowak
|-supereffective|p1a: Marowak
|-crit|p1a: Marowak
|-damage|p1a: Marowak|0 fnt
|faint|p1a: Marowak
|
|upkeep
|choice|switch 5|
|
|switch|p1a: Swoobat|Swoobat, L79, F|100\/100
|turn|12
|choice|move calmmind|move drainingkiss
|
|move|p1a: Swoobat|Calm Mind|p1a: Swoobat
|-boost|p1a: Swoobat|spa|2
|-boost|p1a: Swoobat|spd|2
|move|p2a: Slurpuff|Draining Kiss|p1a: Swoobat
|-damage|p1a: Swoobat|82\/100
|
|-heal|p1a: Swoobat|88\/100|[from] item: Leftovers
|upkeep
|turn|13
|choice|move calmmind|move surf
|
|move|p1a: Swoobat|Calm Mind|p1a: Swoobat
|-boost|p1a: Swoobat|spa|2
|-boost|p1a: Swoobat|spd|2
|move|p2a: Slurpuff|Surf|p1a: Swoobat
|-damage|p1a: Swoobat|72\/100
|
|-heal|p1a: Swoobat|78\/100|[from] item: Leftovers
|upkeep
|turn|14
|choice|move substitute|move flamethrower
|
|move|p1a: Swoobat|Substitute|p1a: Swoobat
|-start|p1a: Swoobat|Substitute
|-damage|p1a: Swoobat|54\/100
|move|p2a: Slurpuff|Flamethrower|p1a: Swoobat
|-activate|p1a: Swoobat|move: Substitute|[damage]
|
|-heal|p1a: Swoobat|60\/100|[from] item: Leftovers
|upkeep
|turn|15
|choice|move calmmind|move calmmind
|
|move|p1a: Swoobat|Calm Mind|p1a: Swoobat
|-boost|p1a: Swoobat|spa|2
|-boost|p1a: Swoobat|spd|2
|move|p2a: Slurpuff|Calm Mind|p2a: Slurpuff
|-boost|p2a: Slurpuff|spa|1
|-boost|p2a: Slurpuff|spd|1
|
|-heal|p1a: Swoobat|66\/100|[from] item: Leftovers
|upkeep
|turn|16
|choice|move storedpower|move calmmind
|
|move|p1a: Swoobat|Stored Power|p2a: Slurpuff
|-damage|p2a: Slurpuff|0 fnt
|faint|p2a: Slurpuff
|
|-heal|p1a: Swoobat|72\/100|[from] item: Leftovers
|upkeep
|choice||switch 2
|
|switch|p2a: Plusle|Plusle, L75, F|100\/100
|turn|17
|choice|move storedpower|move thunderbolt
|
|move|p1a: Swoobat|Stored Power|p2a: Plusle
|-damage|p2a: Plusle|0 fnt
|faint|p2a: Plusle
|
|-heal|p1a: Swoobat|78\/100|[from] item: Leftovers
|upkeep
|-message|Mrs Prodigy forfeited.
|
|win|MrGreat88
|l|Mrs Prodigy</script>
</div>
<div class="battle-log battle-log-inline"><div class="inner"><div class="chat"><small>MrGreat88 joined.</small></div><div class="chat"><small>Mrs Prodigy joined.</small></div><div style="padding:5px 0"><small>Format:</small> <br><strong>[Gen 7] Random Battle</strong></div><div class="rated"><strong>Rated battle</strong></div><div><small><em>Sleep Clause Mod:</em> Limit one foe put to sleep</small></div><div><small><em>HP Percentage Mod:</em> HP is shown in percentages</small></div><div>Battle between MrGreat88 and Mrs Prodigy started!</div><div class="spacer"></div><div>Go! Flygon!</div><div class="spacer"></div><div>Mrs Prodigy sent out Plusle!</div><h2>Turn 1</h2><div class="spacer"></div><div>Mrs Prodigy withdrew Plusle!</div><div class="spacer"></div><div>Mrs Prodigy sent out Phione!</div><div class="spacer"></div><div><span class="battle-nickname" title="Flygon">Flygon</span> used <strong>Earthquake</strong>!</div><div><small>The opposing <span class="battle-nickname-foe" title="Phione">Phione</span> lost 59% of its health!</small><br></div><h2>Turn 2</h2><div class="spacer"></div><div><span class="battle-nickname" title="Flygon">Flygon</span> used <strong>Earthquake</strong>!</div><div><small>A critical hit! </small><small>The opposing <span class="battle-nickname-foe" title="Phione">Phione</span> lost 41% of its health!</small><br></div><div class="spacer"></div><div>The opposing <span class="battle-nickname-foe" title="Phione">Phione</span> fainted!</div><div class="spacer"></div><div>Mrs Prodigy sent out Slurpuff!</div><h2>Turn 3</h2><div class="chat message-error">Battle timer is ON: inactive players will automatically lose when time's up. (requested by Mrs Prodigy)</div><div class="spacer"></div><div><span class="battle-nickname" title="Flygon">Flygon</span>, come back!</div><div class="spacer"></div><div>Go! Tangrowth!</div><div class="spacer"></div><div>The opposing <span class="battle-nickname-foe" title="Slurpuff">Slurpuff</span> used <strong>Draining Kiss</strong>!</div><div><small>A critical hit! </small><small><span class="battle-nickname" title="Tangrowth">Tangrowth</span> lost 38% of its health!</small><br></div><h2>Turn 4</h2><div class="spacer"></div><div>Mrs Prodigy withdrew Slurpuff!</div><div class="spacer"></div><div>Mrs Prodigy sent out Chatot!</div><div class="spacer"></div><div><span class="battle-nickname" title="Tangrowth">Tangrowth</span> used <strong>Rock Slide</strong>!</div><div><small>It's super effective! </small><small>The opposing <span class="battle-nickname-foe" title="Chatot">Chatot</span> lost 72% of its health!</small><br></div><div><small><span class="battle-nickname" title="Tangrowth">Tangrowth</span> lost some of its HP!</small></div><div class="spacer"></div><div><small>The opposing <span class="battle-nickname-foe" title="Chatot">Chatot</span> restored a little HP using its Leftovers!</small></div><h2>Turn 5</h2><div class="spacer"></div><div><span class="battle-nickname" title="Tangrowth">Tangrowth</span>, come back!</div><div class="spacer"></div><div>Go! Mamoswine!</div><div class="spacer"></div><div>The opposing <span class="battle-nickname-foe" title="Chatot">Chatot</span> used <strong>Boomburst</strong>!</div><div><small><span class="battle-nickname" title="Mamoswine">Mamoswine</span> lost 63% of its health!</small><br></div><div class="spacer"></div><div><small>The opposing <span class="battle-nickname-foe" title="Chatot">Chatot</span> restored a little HP using its Leftovers!</small></div><h2>Turn 6</h2><div class="spacer"></div><div>The opposing <span class="battle-nickname-foe" title="Chatot">Chatot</span> used <strong>Boomburst</strong>!</div><div><small><span class="battle-nickname" title="Mamoswine">Mamoswine</span> lost 37% of its health!</small><br></div><div class="spacer"></div><div><span class="battle-nickname" title="Mamoswine">Mamoswine</span> fainted!</div><div class="spacer"></div><div><small>The opposing <span class="battle-nickname-foe" title="Chatot">Chatot</span> restored a little HP using its Leftovers!</small></div><div class="spacer"></div><div>Go! <span class="battle-nickname" title="Marowak-Alola">Marowak <small>(Marowak-Alola)</small></span>!</div><h2>Turn 7</h2><div class="spacer"></div><div>Mrs Prodigy withdrew Chatot!</div><div class="spacer"></div><div>Mrs Prodigy sent out <span class="battle-nickname-foe" title="Golem-Alola">Golem <small>(Golem-Alola)</small></span>!</div><div><small>The opposing <span class="battle-nickname-foe" title="Golem-Alola">Golem</span> floats in the air with its Air Balloon!</small></div><div class="spacer"></div><div><span class="battle-nickname" title="Marowak-Alola">Marowak</span> used <strong>Flare Blitz</strong>!</div><div><small>It's not very effective... </small><small>The opposing <span class="battle-nickname-foe" title="Golem-Alola">Golem</span> lost 25% of its health!</small><br></div><div><small>The opposing <span class="battle-nickname-foe" title="Golem-Alola">Golem</span>'s Air Balloon popped!</small></div><div><small><span class="battle-nickname" title="Marowak-Alola">Marowak</span> is damaged by the recoil!</small></div><h2>Turn 8</h2><div class="spacer"></div><div><span class="battle-nickname" title="Marowak-Alola">Marowak</span>, come back!</div><div class="spacer"></div><div>Go! Flygon!</div><div class="spacer"></div><div>The opposing <span class="battle-nickname-foe" title="Golem-Alola">Golem</span> used <strong>Toxic</strong>!</div><div><small><span class="battle-nickname" title="Flygon">Flygon</span> was badly poisoned!</small></div><div class="spacer"></div><div><small><span class="battle-nickname" title="Flygon">Flygon</span> was hurt by poison!</small></div><h2>Turn 9</h2><div class="spacer"></div><div>Mrs Prodigy withdrew <span class="battle-nickname-foe" title="Golem-Alola">Golem <small>(Golem-Alola)</small></span>!</div><div class="spacer"></div><div>Mrs Prodigy sent out Chatot!</div><div class="spacer"></div><div><span class="battle-nickname" title="Flygon">Flygon</span> used <strong>Fire Punch</strong>!</div><div><small>The opposing <span class="battle-nickname-foe" title="Chatot">Chatot</span> lost 46% of its health!</small><br></div><div class="spacer"></div><div>The opposing <span class="battle-nickname-foe" title="Chatot">Chatot</span> fainted!</div><div class="spacer"></div><div><small><span class="battle-nickname" title="Flygon">Flygon</span> was hurt by poison!</small></div><div class="spacer"></div><div>Mrs Prodigy sent out Slurpuff!</div><h2>Turn 10</h2><div class="spacer"></div><div><span class="battle-nickname" title="Flygon">Flygon</span>, come back!</div><div class="spacer"></div><div>Go! <span class="battle-nickname" title="Marowak-Alola">Marowak <small>(Marowak-Alola)</small></span>!</div><div class="spacer"></div><div>The opposing <span class="battle-nickname-foe" title="Slurpuff">Slurpuff</span> used <strong>Calm Mind</strong>!</div><div><small>The opposing <span class="battle-nickname-foe" title="Slurpuff">Slurpuff</span>'s Special Attack rose! The opposing <span class="battle-nickname-foe" title="Slurpuff">Slurpuff</span>'s Special Defense rose! </small></div><h2>Turn 11</h2><div class="spacer"></div><div>The opposing <span class="battle-nickname-foe" title="Slurpuff">Slurpuff</span> used <strong>Surf</strong>!</div><div><small>It's super effective! A critical hit! </small><small><span class="battle-nickname" title="Marowak-Alola">Marowak</span> lost 91% of its health!</small><br></div><div class="spacer"></div><div><span class="battle-nickname" title="Marowak-Alola">Marowak</span> fainted!</div><div class="spacer"></div><div>Go! Swoobat!</div><h2>Turn 12</h2><div class="spacer"></div><div><span class="battle-nickname" title="Swoobat">Swoobat</span> used <strong>Calm Mind</strong>!</div><div><small><span class="battle-nickname" title="Swoobat">Swoobat</span>'s Special Attack rose sharply! <span class="battle-nickname" title="Swoobat">Swoobat</span>'s Special Defense rose sharply! </small></div><div class="spacer"></div><div>The opposing <span class="battle-nickname-foe" title="Slurpuff">Slurpuff</span> used <strong>Draining Kiss</strong>!</div><div><small><span class="battle-nickname" title="Swoobat">Swoobat</span> lost 18% of its health!</small><br></div><div class="spacer"></div><div><small><span class="battle-nickname" title="Swoobat">Swoobat</span> restored a little HP using its Leftovers!</small></div><h2>Turn 13</h2><div class="spacer"></div><div><span class="battle-nickname" title="Swoobat">Swoobat</span> used <strong>Calm Mind</strong>!</div><div><small><span class="battle-nickname" title="Swoobat">Swoobat</span>'s Special Attack rose sharply! <span class="battle-nickname" title="Swoobat">Swoobat</span>'s Special Defense rose sharply! </small></div><div class="spacer"></div><div>The opposing <span class="battle-nickname-foe" title="Slurpuff">Slurpuff</span> used <strong>Surf</strong>!</div><div><small><span class="battle-nickname" title="Swoobat">Swoobat</span> lost 16% of its health!</small><br></div><div class="spacer"></div><div><small><span class="battle-nickname" title="Swoobat">Swoobat</span> restored a little HP using its Leftovers!</small></div><h2>Turn 14</h2><div class="spacer"></div><div><span class="battle-nickname" title="Swoobat">Swoobat</span> used <strong>Substitute</strong>!</div><div><small><span class="battle-nickname" title="Swoobat">Swoobat</span> put in a substitute!</small></div><div><small><span class="battle-nickname" title="Swoobat">Swoobat</span> lost 24% of its health!</small><br></div><div class="spacer"></div><div>The opposing <span class="battle-nickname-foe" title="Slurpuff">Slurpuff</span> used <strong>Flamethrower</strong>!</div><div><small>The substitute took damage for <span class="battle-nickname" title="Swoobat">Swoobat</span>!</small></div><div class="spacer"></div><div><small><span class="battle-nickname" title="Swoobat">Swoobat</span> restored a little HP using its Leftovers!</small></div><h2>Turn 15</h2><div class="spacer"></div><div><span class="battle-nickname" title="Swoobat">Swoobat</span> used <strong>Calm Mind</strong>!</div><div><small><span class="battle-nickname" title="Swoobat">Swoobat</span>'s Special Attack rose sharply! <span class="battle-nickname" title="Swoobat">Swoobat</span>'s Special Defense rose sharply! </small></div><div class="spacer"></div><div>The opposing <span class="battle-nickname-foe" title="Slurpuff">Slurpuff</span> used <strong>Calm Mind</strong>!</div><div><small>The opposing <span class="battle-nickname-foe" title="Slurpuff">Slurpuff</span>'s Special Attack rose! The opposing <span class="battle-nickname-foe" title="Slurpuff">Slurpuff</span>'s Special Defense rose! </small></div><div class="spacer"></div><div><small><span class="battle-nickname" title="Swoobat">Swoobat</span> restored a little HP using its Leftovers!</small></div><h2>Turn 16</h2><div class="spacer"></div><div><span class="battle-nickname" title="Swoobat">Swoobat</span> used <strong>Stored Power</strong>!</div><div><small>The opposing <span class="battle-nickname-foe" title="Slurpuff">Slurpuff</span> lost 100% of its health!</small><br></div><div class="spacer"></div><div>The opposing <span class="battle-nickname-foe" title="Slurpuff">Slurpuff</span> fainted!</div><div class="spacer"></div><div><small><span class="battle-nickname" title="Swoobat">Swoobat</span> restored a little HP using its Leftovers!</small></div><div class="spacer"></div><div>Mrs Prodigy sent out Plusle!</div><h2>Turn 17</h2><div class="spacer"></div><div><span class="battle-nickname" title="Swoobat">Swoobat</span> used <strong>Stored Power</strong>!</div><div><small>The opposing <span class="battle-nickname-foe" title="Plusle">Plusle</span> lost 100% of its health!</small><br></div><div class="spacer"></div><div>The opposing <span class="battle-nickname-foe" title="Plusle">Plusle</span> fainted!</div><div class="spacer"></div><div><small><span class="battle-nickname" title="Swoobat">Swoobat</span> restored a little HP using its Leftovers!</small></div><div><small>Mrs Prodigy forfeited.</small></div><div class="spacer"></div><div>MrGreat88 won the battle!</div><div class="chat"><small>Mrs Prodigy left.</small></div></div></div>
</div>
<script>
var daily = Math.floor(Date.now()/1000/60/60/24);document.write('<script src="https://play.pokemonshowdown.com/js/replay-embed.js?version'+daily+'"></'+'script>');
</script>
