<!DOCTYPE html>
<meta charset="utf-8" />
<!-- version 1 -->
<title>[Gen 7] Random Battle replay: ssips vs. IllumixKillua</title>
<style>
html,body {font-family:Verdana, sans-serif;font-size:10pt;margin:0;padding:0;}body{padding:12px 0;} .battle-log {font-family:Verdana, sans-serif;font-size:10pt;} .battle-log-inline {border:1px solid #AAAAAA;background:#EEF2F5;color:black;max-width:640px;margin:0 auto 80px;padding-bottom:5px;} .battle-log .inner {padding:4px 8px 0px 8px;} .battle-log .inner-preempt {padding:0 8px 4px 8px;} .battle-log .inner-after {margin-top:0.5em;} .battle-log h2 {margin:0.5em -8px;padding:4px 8px;border:1px solid #AAAAAA;background:#E0E7EA;border-left:0;border-right:0;font-family:Verdana, sans-serif;font-size:13pt;} .battle-log .chat {vertical-align:middle;padding:3px 0 3px 0;font-size:8pt;} .battle-log .chat strong {color:#40576A;} .battle-log .chat em {padding:1px 4px 1px 3px;color:#000000;font-style:normal;} .chat.mine {background:rgba(0,0,0,0.05);margin-left:-8px;margin-right:-8px;padding-left:8px;padding-right:8px;} .spoiler {color:#BBBBBB;background:#BBBBBB;padding:0px 3px;} .spoiler:hover, .spoiler:active, .spoiler-shown {color:#000000;background:#E2E2E2;padding:0px 3px;} .spoiler a {color:#BBBBBB;} .spoiler:hover a, .spoiler:active a, .spoiler-shown a {color:#2288CC;} .chat code, .chat .spoiler:hover code, .chat .spoiler:active code, .chat .spoiler-shown code {border:1px solid #C0C0C0;background:#EEEEEE;color:black;padding:0 2px;} .chat .spoiler code {border:1px solid #CCCCCC;background:#CCCCCC;color:#CCCCCC;} .battle-log .rated {padding:3px 4px;} .battle-log .rated strong {color:white;background:#89A;padding:1px 4px;border-radius:4px;} .spacer {margin-top:0.5em;} .message-announce {background:#6688AA;color:white;padding:1px 4px 2px;} .message-announce a, .broadcast-green a, .broadcast-blue a, .broadcast-red a {color:#DDEEFF;} .broadcast-green {background-color:#559955;color:white;padding:2px 4px;} .broadcast-blue {background-color:#6688AA;color:white;padding:2px 4px;} .infobox {border:1px solid #6688AA;padding:2px 4px;} .infobox-limited {max-height:200px;overflow:auto;overflow-x:hidden;} .broadcast-red {background-color:#AA5544;color:white;padding:2px 4px;} .message-learn-canlearn {font-weight:bold;color:#228822;text-decoration:underline;} .message-learn-cannotlearn {font-weight:bold;color:#CC2222;text-decoration:underline;} .message-effect-weak {font-weight:bold;color:#CC2222;} .message-effect-resist {font-weight:bold;color:#6688AA;} .message-effect-immune {font-weight:bold;color:#666666;} .message-learn-list {margin-top:0;margin-bottom:0;} .message-throttle-notice, .message-error {color:#992222;} .message-overflow, .chat small.message-overflow {font-size:0pt;} .message-overflow::before {font-size:9pt;content:'...';} .subtle {color:#3A4A66;}
</style>
<div class="wrapper replay-wrapper" style="max-width:1180px;margin:0 auto">
<input type="hidden" name="replayid" value="gen7randombattle-566569777" />
<div class="battle"></div><div class="battle-log"></div><div class="replay-controls"></div><div class="replay-controls-2"></div>
<h1 style="font-weight:normal;text-align:center"><strong>[Gen 7] Random Battle</strong><br /><a href="http://pokemonshowdown.com/users/ssips" class="subtle" target="_blank">ssips</a> vs. <a href="http://pokemonshowdown.com/users/illumixkillua" class="subtle" target="_blank">IllumixKillua</a></h1>
<script type="text/plain" class="battle-log-data">|j|ssips
|j|IllumixKillua
|player|p1|ssips|100
|player|p2|IllumixKillua|220
|gametype|singles
|gen|7
|tier|[Gen 7] Random Battle
|rated
|seed|38537,7887,5057,40671,12921,28157,48665,40534,33864,51248,48467,43201
|rule|Sleep Clause Mod: Limit one foe put to sleep
|rule|HP Percentage Mod: HP is shown in percentages
|
|start
|switch|p1a: Togekiss|Togekiss, L77, F|100\/100
|switch|p2a: Cinccino|Cinccino, L79, M|100\/100
|turn|1
|choice|switch 4|move tailslap
|
|switch|p1a: Muk|Muk, L79, M|100\/100
|move|p2a: Cinccino|Tail Slap|p1a: Muk
|-damage|p1a: Muk|87\/100
|-damage|p1a: Muk|72\/100
|-damage|p1a: Muk|57\/100
|-damage|p1a: Muk|42\/100
|-damage|p1a: Muk|29\/100
|-hitcount|p1a: Muk|5
|
|-heal|p1a: Muk|35\/100|[from] item: Black Sludge
|upkeep
|turn|2
|choice|switch 5|move tailslap
|
|switch|p1a: Chandelure|Chandelure, L77, F|100\/100
|move|p2a: Cinccino|Tail Slap|p1a: Chandelure
|-immune|p1a: Chandelure|[msg]
|
|upkeep
|turn|3
|choice|move fireblast|switch 5
|
|switch|p2a: Primarina|Primarina, L77, M|100\/100
|move|p1a: Chandelure|Fire Blast|p2a: Primarina
|-resisted|p2a: Primarina
|-damage|p2a: Primarina|79\/100
|
|upkeep
|turn|4
|choice|switch 5|move scald
|
|switch|p1a: Muk|Muk, L79, M|35\/100
|move|p2a: Primarina|Scald|p1a: Muk
|-damage|p1a: Muk|4\/100
|
|-heal|p1a: Muk|10\/100|[from] item: Black Sludge
|upkeep
|turn|5
|choice|move shadowsneak|move scald
|
|move|p1a: Muk|Shadow Sneak|p2a: Primarina
|-damage|p2a: Primarina|65\/100
|-status|p2a: Primarina|psn|[from] ability: Poison Touch|[of] p1a: Muk
|move|p2a: Primarina|Scald|p1a: Muk
|-crit|p1a: Muk
|-damage|p1a: Muk|0 fnt
|faint|p1a: Muk
|
|-damage|p2a: Primarina|52\/100 psn|[from] psn
|upkeep
|choice|switch 6|
|
|switch|p1a: Slowbro|Slowbro, L76, M|100\/100
|turn|6
|choice|move psychic|move lightscreen
|
|move|p2a: Primarina|Light Screen|p2a: Primarina
|-sidestart|p2: IllumixKillua|move: Light Screen
|move|p1a: Slowbro|Psychic|p2a: Primarina
|-damage|p2a: Primarina|39\/100 psn
|
|-damage|p2a: Primarina|27\/100 psn|[from] psn
|upkeep
|turn|7
|choice|switch 3|move moonblast
|
|switch|p1a: Dusknoir|Dusknoir, L79, M|100\/100
|-ability|p1a: Dusknoir|Pressure
|move|p2a: Primarina|Moonblast|p1a: Dusknoir
|-damage|p1a: Dusknoir|60\/100
|-unboost|p1a: Dusknoir|spa|1
|
|-heal|p1a: Dusknoir|66\/100|[from] item: Leftovers
|-damage|p2a: Primarina|15\/100 psn|[from] psn
|upkeep
|turn|8
|choice|move shadowsneak|switch 4
|
|switch|p2a: Crobat|Crobat, L77, M|100\/100
|move|p1a: Dusknoir|Shadow Sneak|p2a: Crobat
|-damage|p2a: Crobat|83\/100
|
|-heal|p2a: Crobat|89\/100|[from] item: Black Sludge
|-heal|p1a: Dusknoir|72\/100|[from] item: Leftovers
|upkeep
|turn|9
|choice|move willowisp|move toxic
|
|move|p2a: Crobat|Toxic|p1a: Dusknoir
|-status|p1a: Dusknoir|tox
|move|p1a: Dusknoir|Will-O-Wisp|p2a: Crobat
|-status|p2a: Crobat|brn
|
|-heal|p2a: Crobat|95\/100 brn|[from] item: Black Sludge
|-heal|p1a: Dusknoir|78\/100 tox|[from] item: Leftovers
|-damage|p2a: Crobat|89\/100 brn|[from] brn
|-damage|p1a: Dusknoir|72\/100 tox|[from] psn
|upkeep
|turn|10
|choice|move icepunch|switch 2
|
|switch|p2a: Toxicroak|Toxicroak, L79, F|100\/100
|move|p1a: Dusknoir|Ice Punch|p2a: Toxicroak
|-damage|p2a: Toxicroak|74\/100
|
|-heal|p1a: Dusknoir|78\/100 tox|[from] item: Leftovers
|-damage|p1a: Dusknoir|66\/100 tox|[from] psn
|upkeep
|turn|11
|choice|move willowisp|switch 2
|
|switch|p2a: Crobat|Crobat, L77, M|89\/100 brn
|move|p1a: Dusknoir|Will-O-Wisp|p2a: Crobat
|-fail|p2a: Crobat|brn
|
|-heal|p2a: Crobat|95\/100 brn|[from] item: Black Sludge
|-heal|p1a: Dusknoir|72\/100 tox|[from] item: Leftovers
|-damage|p2a: Crobat|89\/100 brn|[from] brn
|-damage|p1a: Dusknoir|54\/100 tox|[from] psn
|upkeep
|turn|12
|choice|move willowisp|move bravebird
|
|move|p2a: Crobat|Brave Bird|p1a: Dusknoir
|-damage|p1a: Dusknoir|35\/100 tox
|-damage|p2a: Crobat|84\/100 brn|[from] recoil|[of] p1a: Dusknoir
|move|p1a: Dusknoir|Will-O-Wisp|p2a: Crobat
|-fail|p2a: Crobat|brn
|
|-heal|p2a: Crobat|90\/100 brn|[from] item: Black Sludge
|-heal|p1a: Dusknoir|41\/100 tox|[from] item: Leftovers
|-damage|p2a: Crobat|84\/100 brn|[from] brn
|-damage|p1a: Dusknoir|17\/100 tox|[from] psn
|upkeep
|turn|13
|choice|move icepunch|move taunt
|
|move|p2a: Crobat|Taunt|p1a: Dusknoir
|-start|p1a: Dusknoir|move: Taunt
|move|p1a: Dusknoir|Ice Punch|p2a: Crobat
|-supereffective|p2a: Crobat
|-damage|p2a: Crobat|44\/100 brn
|
|-heal|p2a: Crobat|50\/100 brn|[from] item: Black Sludge
|-heal|p1a: Dusknoir|23\/100 tox|[from] item: Leftovers
|-damage|p2a: Crobat|44\/100 brn|[from] brn
|-damage|p1a: Dusknoir|0 fnt|[from] psn
|-sideend|p2: IllumixKillua|move: Light Screen
|upkeep
|faint|p1a: Dusknoir
|choice|switch 3|
|
|switch|p1a: Slowbro|Slowbro, L76, M|100\/100
|turn|14
|choice|move psychic|move toxic
|
|move|p2a: Crobat|Toxic|p1a: Slowbro
|-status|p1a: Slowbro|tox
|move|p1a: Slowbro|Psychic|p2a: Crobat
|-supereffective|p2a: Crobat
|-damage|p2a: Crobat|0 fnt
|faint|p2a: Crobat
|
|-damage|p1a: Slowbro|95\/100 tox|[from] psn
|upkeep
|choice||switch 4
|
|switch|p2a: Primarina|Primarina, L77, M|15\/100 psn
|turn|15
|choice|move psychic|move lightscreen
|
|move|p2a: Primarina|Light Screen|p2a: Primarina
|-sidestart|p2: IllumixKillua|move: Light Screen
|move|p1a: Slowbro|Psychic|p2a: Primarina
|-damage|p2a: Primarina|0 fnt
|faint|p2a: Primarina
|
|-damage|p1a: Slowbro|83\/100 tox|[from] psn
|upkeep
|choice||switch 3
|
|switch|p2a: Tornadus|Tornadus, L78, M|100\/100
|turn|16
|choice|move psychic mega|move uturn
|
|detailschange|p1a: Slowbro|Slowbro-Mega, L76, M
|-mega|p1a: Slowbro|Slowbro|Slowbronite
|move|p2a: Tornadus|U-turn|p1a: Slowbro
|-supereffective|p1a: Slowbro
|-damage|p1a: Slowbro|55\/100 tox
|-damage|p2a: Tornadus|91\/100|[from] item: Life Orb
|choice||switch 2
|
|switch|p2a: Toxicroak|Toxicroak, L79, F|74\/100
|move|p1a: Slowbro|Psychic|p2a: Toxicroak
|-supereffective|p2a: Toxicroak
|-damage|p2a: Toxicroak|0 fnt
|faint|p2a: Toxicroak
|
|-damage|p1a: Slowbro|37\/100 tox|[from] psn
|upkeep
|choice||switch 6
|
|switch|p2a: Lunala|Lunala, L73|100\/100
|turn|17
|choice|move scald|move calmmind
|
|move|p2a: Lunala|Calm Mind|p2a: Lunala
|-boost|p2a: Lunala|spa|1
|-boost|p2a: Lunala|spd|1
|move|p1a: Slowbro|Scald|p2a: Lunala
|-damage|p2a: Lunala|96\/100
|
|-heal|p2a: Lunala|100\/100|[from] item: Leftovers
|-damage|p1a: Slowbro|13\/100 tox|[from] psn
|upkeep
|turn|18
|choice|switch 2|move calmmind
|
|switch|p1a: Araquanid|Araquanid, L79, M|100\/100
|move|p2a: Lunala|Calm Mind|p2a: Lunala
|-boost|p2a: Lunala|spa|1
|-boost|p2a: Lunala|spd|1
|
|upkeep
|turn|19
|choice|move lunge|switch 2
|
|switch|p2a: Tornadus|Tornadus, L78, M|91\/100
|move|p1a: Araquanid|Lunge|p2a: Tornadus
|-resisted|p2a: Tornadus
|-damage|p2a: Tornadus|75\/100
|-unboost|p2a: Tornadus|atk|1
|
|upkeep
|turn|20
|choice|switch 2|move hurricane
|
|switch|p1a: Slowbro|Slowbro-Mega, L76, M|13\/100 tox
|move|p2a: Tornadus|Hurricane|p1a: Slowbro
|-damage|p1a: Slowbro|0 fnt
|-damage|p2a: Tornadus|65\/100|[from] item: Life Orb
|faint|p1a: Slowbro
|
|upkeep
|choice|switch 5|
|
|switch|p1a: Chandelure|Chandelure, L77, F|100\/100
|turn|21
|choice|move calmmind|move hurricane
|
|move|p2a: Tornadus|Hurricane|p1a: Chandelure|[miss]
|-miss|p2a: Tornadus|p1a: Chandelure
|move|p1a: Chandelure|Calm Mind|p1a: Chandelure
|-boost|p1a: Chandelure|spa|1
|-boost|p1a: Chandelure|spd|1
|
|upkeep
|turn|22
|choice|move calmmind|move hurricane
|
|move|p2a: Tornadus|Hurricane|p1a: Chandelure
|-damage|p1a: Chandelure|51\/100
|-damage|p2a: Tornadus|55\/100|[from] item: Life Orb
|move|p1a: Chandelure|Calm Mind|p1a: Chandelure
|-boost|p1a: Chandelure|spa|1
|-boost|p1a: Chandelure|spd|1
|
|-heal|p1a: Chandelure|57\/100|[from] item: Leftovers
|-sideend|p2: IllumixKillua|move: Light Screen
|upkeep
|turn|23
|choice|move shadowball|move hurricane
|
|move|p2a: Tornadus|Hurricane|p1a: Chandelure|[miss]
|-miss|p2a: Tornadus|p1a: Chandelure
|move|p1a: Chandelure|Shadow Ball|p2a: Tornadus
|-damage|p2a: Tornadus|0 fnt
|faint|p2a: Tornadus
|
|-heal|p1a: Chandelure|63\/100|[from] item: Leftovers
|upkeep
|choice||switch 5
|
|switch|p2a: Cinccino|Cinccino, L79, M|100\/100
|turn|24
|choice|move fireblast|move rockblast
|
|move|p2a: Cinccino|Rock Blast|p1a: Chandelure
|-supereffective|p1a: Chandelure
|-damage|p1a: Chandelure|39\/100
|-supereffective|p1a: Chandelure
|-damage|p1a: Chandelure|16\/100
|-supereffective|p1a: Chandelure
|-damage|p1a: Chandelure|0 fnt
|-hitcount|p1a: Chandelure|3
|faint|p1a: Chandelure
|
|upkeep
|choice|switch 4|
|
|switch|p1a: Togekiss|Togekiss, L77, F|100\/100
|turn|25
|choice|move aurasphere|move rockblast
|
|move|p2a: Cinccino|Rock Blast|p1a: Togekiss|[miss]
|-miss|p2a: Cinccino|p1a: Togekiss
|move|p1a: Togekiss|Aura Sphere|p2a: Cinccino
|-supereffective|p2a: Cinccino
|-damage|p2a: Cinccino|33\/100
|
|upkeep
|turn|26
|choice|move aurasphere|move rockblast
|
|move|p2a: Cinccino|Rock Blast|p1a: Togekiss
|-supereffective|p1a: Togekiss
|-crit|p1a: Togekiss
|-damage|p1a: Togekiss|72\/100
|-supereffective|p1a: Togekiss
|-damage|p1a: Togekiss|52\/100
|-supereffective|p1a: Togekiss
|-damage|p1a: Togekiss|33\/100
|-supereffective|p1a: Togekiss
|-damage|p1a: Togekiss|14\/100
|-supereffective|p1a: Togekiss
|-damage|p1a: Togekiss|0 fnt
|-hitcount|p1a: Togekiss|5
|faint|p1a: Togekiss
|
|upkeep
|choice|switch 2|
|
|switch|p1a: Araquanid|Araquanid, L79, M|100\/100
|turn|27
|choice|move liquidation|move rockblast
|
|move|p2a: Cinccino|Rock Blast|p1a: Araquanid
|-supereffective|p1a: Araquanid
|-damage|p1a: Araquanid|79\/100
|-supereffective|p1a: Araquanid
|-damage|p1a: Araquanid|59\/100
|-supereffective|p1a: Araquanid
|-crit|p1a: Araquanid
|-damage|p1a: Araquanid|25\/100
|-supereffective|p1a: Araquanid
|-damage|p1a: Araquanid|3\/100
|-supereffective|p1a: Araquanid
|-damage|p1a: Araquanid|0 fnt
|-hitcount|p1a: Araquanid|5
|faint|p1a: Araquanid
|
|win|IllumixKillua
|raw|ssips's rating: 1716 &rarr; <strong>1696<\/strong><br \/>(-20 for losing)
|raw|IllumixKillua's rating: 1704 &rarr; <strong>1725<\/strong><br \/>(+21 for winning)</script>
</div>
<div class="battle-log battle-log-inline"><div class="inner"><div class="chat"><small>ssips joined.</small></div><div class="chat"><small>IllumixKillua joined.</small></div><div style="padding:5px 0"><small>Format:</small> <br><strong>[Gen 7] Random Battle</strong></div><div class="rated"><strong>Rated battle</strong></div><div><small><em>Sleep Clause Mod:</em> Limit one foe put to sleep</small></div><div><small><em>HP Percentage Mod:</em> HP is shown in percentages</small></div><div>Battle between ssips and IllumixKillua started!</div><div class="spacer"></div><div>Go! Togekiss!</div><div class="spacer"></div><div>IllumixKillua sent out Cinccino!</div><h2>Turn 1</h2><div class="spacer"></div><div><span class="battle-nickname" title="Togekiss">Togekiss</span>, come back!</div><div class="spacer"></div><div>Go! Muk!</div><div class="spacer"></div><div>The opposing <span class="battle-nickname-foe" title="Cinccino">Cinccino</span> used <strong>Tail Slap</strong>!</div><div><small><span class="battle-nickname" title="Muk">Muk</span> lost 13% of its health!</small><br></div><div><small><span class="battle-nickname" title="Muk">Muk</span> lost 15% of its health!</small><br></div><div><small><span class="battle-nickname" title="Muk">Muk</span> lost 15% of its health!</small><br></div><div><small><span class="battle-nickname" title="Muk">Muk</span> lost 14% of its health!</small><br></div><div><small><span class="battle-nickname" title="Muk">Muk</span> lost 13% of its health!</small><br></div><div><small>Hit 5 times!</small></div><div class="spacer"></div><div><small><span class="battle-nickname" title="Muk">Muk</span> restored a little HP using its Black Sludge!</small></div><h2>Turn 2</h2><div class="spacer"></div><div><span class="battle-nickname" title="Muk">Muk</span>, come back!</div><div class="spacer"></div><div>Go! Chandelure!</div><div class="spacer"></div><div>The opposing <span class="battle-nickname-foe" title="Cinccino">Cinccino</span> used <strong>Tail Slap</strong>!</div><div><small>It doesn't affect <span class="battle-nickname" title="Chandelure">Chandelure</span>... </small></div><h2>Turn 3</h2><div class="spacer"></div><div>IllumixKillua withdrew Cinccino!</div><div class="spacer"></div><div>IllumixKillua sent out Primarina!</div><div class="spacer"></div><div><span class="battle-nickname" title="Chandelure">Chandelure</span> used <strong>Fire Blast</strong>!</div><div><small>It's not very effective... </small><small>The opposing <span class="battle-nickname-foe" title="Primarina">Primarina</span> lost 21% of its health!</small><br></div><h2>Turn 4</h2><div class="spacer"></div><div><span class="battle-nickname" title="Chandelure">Chandelure</span>, come back!</div><div class="spacer"></div><div>Go! Muk!</div><div class="spacer"></div><div>The opposing <span class="battle-nickname-foe" title="Primarina">Primarina</span> used <strong>Scald</strong>!</div><div><small><span class="battle-nickname" title="Muk">Muk</span> lost 31% of its health!</small><br></div><div class="spacer"></div><div><small><span class="battle-nickname" title="Muk">Muk</span> restored a little HP using its Black Sludge!</small></div><h2>Turn 5</h2><div class="spacer"></div><div><span class="battle-nickname" title="Muk">Muk</span> used <strong>Shadow Sneak</strong>!</div><div><small>The opposing <span class="battle-nickname-foe" title="Primarina">Primarina</span> lost 14% of its health!</small><br></div><div><small>[<span class="battle-nickname" title="Muk">Muk</span>'s Poison Touch!]</small></div><div><small>The opposing <span class="battle-nickname-foe" title="Primarina">Primarina</span> was poisoned!</small></div><div class="spacer"></div><div>The opposing <span class="battle-nickname-foe" title="Primarina">Primarina</span> used <strong>Scald</strong>!</div><div><small>A critical hit! </small><small><span class="battle-nickname" title="Muk">Muk</span> lost 10% of its health!</small><br></div><div class="spacer"></div><div><span class="battle-nickname" title="Muk">Muk</span> fainted!</div><div class="spacer"></div><div><small>The opposing <span class="battle-nickname-foe" title="Primarina">Primarina</span> was hurt by poison!</small></div><div class="spacer"></div><div>Go! Slowbro!</div><h2>Turn 6</h2><div class="spacer"></div><div>The opposing <span class="battle-nickname-foe" title="Primarina">Primarina</span> used <strong>Light Screen</strong>!</div><div><small>Light Screen made the opposing team stronger against special moves!</small></div><div class="spacer"></div><div><span class="battle-nickname" title="Slowbro">Slowbro</span> used <strong>Psychic</strong>!</div><div><small>The opposing <span class="battle-nickname-foe" title="Primarina">Primarina</span> lost 13% of its health!</small><br></div><div class="spacer"></div><div><small>The opposing <span class="battle-nickname-foe" title="Primarina">Primarina</span> was hurt by poison!</small></div><h2>Turn 7</h2><div class="spacer"></div><div><span class="battle-nickname" title="Slowbro">Slowbro</span>, come back!</div><div class="spacer"></div><div>Go! Dusknoir!</div><div><small>[<span class="battle-nickname" title="Dusknoir">Dusknoir</span>'s Pressure!]</small></div><div><small><span class="battle-nickname" title="Dusknoir">Dusknoir</span> is exerting its pressure!</small></div><div class="spacer"></div><div>The opposing <span class="battle-nickname-foe" title="Primarina">Primarina</span> used <strong>Moonblast</strong>!</div><div><small><span class="battle-nickname" title="Dusknoir">Dusknoir</span> lost 40% of its health!</small><br></div><div><small><span class="battle-nickname" title="Dusknoir">Dusknoir</span>'s Special Attack fell! </small></div><div class="spacer"></div><div><small><span class="battle-nickname" title="Dusknoir">Dusknoir</span> restored a little HP using its Leftovers!</small></div><div><small>The opposing <span class="battle-nickname-foe" title="Primarina">Primarina</span> was hurt by poison!</small></div><h2>Turn 8</h2><div class="spacer"></div><div>IllumixKillua withdrew Primarina!</div><div class="spacer"></div><div>IllumixKillua sent out Crobat!</div><div class="spacer"></div><div><span class="battle-nickname" title="Dusknoir">Dusknoir</span> used <strong>Shadow Sneak</strong>!</div><div><small>The opposing <span class="battle-nickname-foe" title="Crobat">Crobat</span> lost 17% of its health!</small><br></div><div class="spacer"></div><div><small>The opposing <span class="battle-nickname-foe" title="Crobat">Crobat</span> restored a little HP using its Black Sludge!</small></div><div><small><span class="battle-nickname" title="Dusknoir">Dusknoir</span> restored a little HP using its Leftovers!</small></div><h2>Turn 9</h2><div class="spacer"></div><div>The opposing <span class="battle-nickname-foe" title="Crobat">Crobat</span> used <strong>Toxic</strong>!</div><div><small><span class="battle-nickname" title="Dusknoir">Dusknoir</span> was badly poisoned!</small></div><div class="spacer"></div><div><span class="battle-nickname" title="Dusknoir">Dusknoir</span> used <strong>Will-O-Wisp</strong>!</div><div><small>The opposing <span class="battle-nickname-foe" title="Crobat">Crobat</span> was burned!</small></div><div class="spacer"></div><div><small>The opposing <span class="battle-nickname-foe" title="Crobat">Crobat</span> restored a little HP using its Black Sludge!</small></div><div><small><span class="battle-nickname" title="Dusknoir">Dusknoir</span> restored a little HP using its Leftovers!</small></div><div><small>The opposing <span class="battle-nickname-foe" title="Crobat">Crobat</span> was hurt by its burn!</small></div><div><small><span class="battle-nickname" title="Dusknoir">Dusknoir</span> was hurt by poison!</small></div><h2>Turn 10</h2><div class="spacer"></div><div>IllumixKillua withdrew Crobat!</div><div class="spacer"></div><div>IllumixKillua sent out Toxicroak!</div><div class="spacer"></div><div><span class="battle-nickname" title="Dusknoir">Dusknoir</span> used <strong>Ice Punch</strong>!</div><div><small>The opposing <span class="battle-nickname-foe" title="Toxicroak">Toxicroak</span> lost 26% of its health!</small><br></div><div class="spacer"></div><div><small><span class="battle-nickname" title="Dusknoir">Dusknoir</span> restored a little HP using its Leftovers!</small></div><div><small><span class="battle-nickname" title="Dusknoir">Dusknoir</span> was hurt by poison!</small></div><h2>Turn 11</h2><div class="spacer"></div><div>IllumixKillua withdrew Toxicroak!</div><div class="spacer"></div><div>IllumixKillua sent out Crobat!</div><div class="spacer"></div><div><span class="battle-nickname" title="Dusknoir">Dusknoir</span> used <strong>Will-O-Wisp</strong>!</div><div><small>The opposing <span class="battle-nickname-foe" title="Crobat">Crobat</span> already has a burn.</small></div><div class="spacer"></div><div><small>The opposing <span class="battle-nickname-foe" title="Crobat">Crobat</span> restored a little HP using its Black Sludge!</small></div><div><small><span class="battle-nickname" title="Dusknoir">Dusknoir</span> restored a little HP using its Leftovers!</small></div><div><small>The opposing <span class="battle-nickname-foe" title="Crobat">Crobat</span> was hurt by its burn!</small></div><div><small><span class="battle-nickname" title="Dusknoir">Dusknoir</span> was hurt by poison!</small></div><h2>Turn 12</h2><div class="spacer"></div><div>The opposing <span class="battle-nickname-foe" title="Crobat">Crobat</span> used <strong>Brave Bird</strong>!</div><div><small><span class="battle-nickname" title="Dusknoir">Dusknoir</span> lost 19% of its health!</small><br></div><div><small>The opposing <span class="battle-nickname-foe" title="Crobat">Crobat</span> is damaged by the recoil!</small></div><div class="spacer"></div><div><span class="battle-nickname" title="Dusknoir">Dusknoir</span> used <strong>Will-O-Wisp</strong>!</div><div><small>The opposing <span class="battle-nickname-foe" title="Crobat">Crobat</span> already has a burn.</small></div><div class="spacer"></div><div><small>The opposing <span class="battle-nickname-foe" title="Crobat">Crobat</span> restored a little HP using its Black Sludge!</small></div><div><small><span class="battle-nickname" title="Dusknoir">Dusknoir</span> restored a little HP using its Leftovers!</small></div><div><small>The opposing <span class="battle-nickname-foe" title="Crobat">Crobat</span> was hurt by its burn!</small></div><div><small><span class="battle-nickname" title="Dusknoir">Dusknoir</span> was hurt by poison!</small></div><h2>Turn 13</h2><div class="spacer"></div><div>The opposing <span class="battle-nickname-foe" title="Crobat">Crobat</span> used <strong>Taunt</strong>!</div><div><small><span class="battle-nickname" title="Dusknoir">Dusknoir</span> fell for the taunt!</small></div><div class="spacer"></div><div><span class="battle-nickname" title="Dusknoir">Dusknoir</span> used <strong>Ice Punch</strong>!</div><div><small>It's super effective! </small><small>The opposing <span class="battle-nickname-foe" title="Crobat">Crobat</span> lost 40% of its health!</small><br></div><div class="spacer"></div><div><small>The opposing <span class="battle-nickname-foe" title="Crobat">Crobat</span> restored a little HP using its Black Sludge!</small></div><div><small><span class="battle-nickname" title="Dusknoir">Dusknoir</span> restored a little HP using its Leftovers!</small></div><div><small>The opposing <span class="battle-nickname-foe" title="Crobat">Crobat</span> was hurt by its burn!</small></div><div><small><span class="battle-nickname" title="Dusknoir">Dusknoir</span> was hurt by poison!</small></div><div><small>The opposing team's Light Screen wore off!</small></div><div class="spacer"></div><div><span class="battle-nickname" title="Dusknoir">Dusknoir</span> fainted!</div><div class="spacer"></div><div>Go! Slowbro!</div><h2>Turn 14</h2><div class="spacer"></div><div>The opposing <span class="battle-nickname-foe" title="Crobat">Crobat</span> used <strong>Toxic</strong>!</div><div><small><span class="battle-nickname" title="Slowbro">Slowbro</span> was badly poisoned!</small></div><div class="spacer"></div><div><span class="battle-nickname" title="Slowbro">Slowbro</span> used <strong>Psychic</strong>!</div><div><small>It's super effective! </small><small>The opposing <span class="battle-nickname-foe" title="Crobat">Crobat</span> lost 44% of its health!</small><br></div><div class="spacer"></div><div>The opposing <span class="battle-nickname-foe" title="Crobat">Crobat</span> fainted!</div><div class="spacer"></div><div><small><span class="battle-nickname" title="Slowbro">Slowbro</span> was hurt by poison!</small></div><div class="spacer"></div><div>IllumixKillua sent out Primarina!</div><h2>Turn 15</h2><div class="spacer"></div><div>The opposing <span class="battle-nickname-foe" title="Primarina">Primarina</span> used <strong>Light Screen</strong>!</div><div><small>Light Screen made the opposing team stronger against special moves!</small></div><div class="spacer"></div><div><span class="battle-nickname" title="Slowbro">Slowbro</span> used <strong>Psychic</strong>!</div><div><small>The opposing <span class="battle-nickname-foe" title="Primarina">Primarina</span> lost 15% of its health!</small><br></div><div class="spacer"></div><div>The opposing <span class="battle-nickname-foe" title="Primarina">Primarina</span> fainted!</div><div class="spacer"></div><div><small><span class="battle-nickname" title="Slowbro">Slowbro</span> was hurt by poison!</small></div><div class="spacer"></div><div>IllumixKillua sent out Tornadus!</div><h2>Turn 16</h2><div class="spacer"></div><div><small><span class="battle-nickname" title="Slowbro-Mega">Slowbro</span>'s Slowbronite is reacting to ssips's Mega Bracelet!<br><span class="battle-nickname" title="Slowbro-Mega">Slowbro</span> has Mega Evolved into Mega Slowbro!</small></div><div class="spacer"></div><div>The opposing <span class="battle-nickname-foe" title="Tornadus">Tornadus</span> used <strong>U-turn</strong>!</div><div><small>It's super effective! </small><small><span class="battle-nickname" title="Slowbro-Mega">Slowbro</span> lost 28% of its health!</small><br></div><div><small>The opposing <span class="battle-nickname-foe" title="Tornadus">Tornadus</span> lost some of its HP!</small></div><div class="spacer"></div><div>The opposing <span class="battle-nickname-foe" title="Tornadus">Tornadus</span> went back to IllumixKillua!</div><div class="spacer"></div><div>IllumixKillua sent out Toxicroak!</div><div class="spacer"></div><div><span class="battle-nickname" title="Slowbro-Mega">Slowbro</span> used <strong>Psychic</strong>!</div><div><small>It's super effective! </small><small>The opposing <span class="battle-nickname-foe" title="Toxicroak">Toxicroak</span> lost 74% of its health!</small><br></div><div class="spacer"></div><div>The opposing <span class="battle-nickname-foe" title="Toxicroak">Toxicroak</span> fainted!</div><div class="spacer"></div><div><small><span class="battle-nickname" title="Slowbro-Mega">Slowbro</span> was hurt by poison!</small></div><div class="spacer"></div><div>IllumixKillua sent out Lunala!</div><h2>Turn 17</h2><div class="spacer"></div><div>The opposing <span class="battle-nickname-foe" title="Lunala">Lunala</span> used <strong>Calm Mind</strong>!</div><div><small>The opposing <span class="battle-nickname-foe" title="Lunala">Lunala</span>'s Special Attack rose! The opposing <span class="battle-nickname-foe" title="Lunala">Lunala</span>'s Special Defense rose! </small></div><div class="spacer"></div><div><span class="battle-nickname" title="Slowbro-Mega">Slowbro</span> used <strong>Scald</strong>!</div><div><small>The opposing <span class="battle-nickname-foe" title="Lunala">Lunala</span> lost 4% of its health!</small><br></div><div class="spacer"></div><div><small>The opposing <span class="battle-nickname-foe" title="Lunala">Lunala</span> restored a little HP using its Leftovers!</small></div><div><small><span class="battle-nickname" title="Slowbro-Mega">Slowbro</span> was hurt by poison!</small></div><h2>Turn 18</h2><div class="spacer"></div><div><span class="battle-nickname" title="Slowbro-Mega">Slowbro</span>, come back!</div><div class="spacer"></div><div>Go! Araquanid!</div><div class="spacer"></div><div>The opposing <span class="battle-nickname-foe" title="Lunala">Lunala</span> used <strong>Calm Mind</strong>!</div><div><small>The opposing <span class="battle-nickname-foe" title="Lunala">Lunala</span>'s Special Attack rose! The opposing <span class="battle-nickname-foe" title="Lunala">Lunala</span>'s Special Defense rose! </small></div><h2>Turn 19</h2><div class="spacer"></div><div>IllumixKillua withdrew Lunala!</div><div class="spacer"></div><div>IllumixKillua sent out Tornadus!</div><div class="spacer"></div><div><span class="battle-nickname" title="Araquanid">Araquanid</span> used <strong>Lunge</strong>!</div><div><small>It's not very effective... </small><small>The opposing <span class="battle-nickname-foe" title="Tornadus">Tornadus</span> lost 16% of its health!</small><br></div><div><small>The opposing <span class="battle-nickname-foe" title="Tornadus">Tornadus</span>'s Attack fell! </small></div><h2>Turn 20</h2><div class="spacer"></div><div><span class="battle-nickname" title="Araquanid">Araquanid</span>, come back!</div><div class="spacer"></div><div>Go! <span class="battle-nickname" title="Slowbro-Mega">Slowbro <small>(Slowbro-Mega)</small></span>!</div><div class="spacer"></div><div>The opposing <span class="battle-nickname-foe" title="Tornadus">Tornadus</span> used <strong>Hurricane</strong>!</div><div><small><span class="battle-nickname" title="Slowbro-Mega">Slowbro</span> lost 13% of its health!</small><br></div><div><small>The opposing <span class="battle-nickname-foe" title="Tornadus">Tornadus</span> lost some of its HP!</small></div><div class="spacer"></div><div><span class="battle-nickname" title="Slowbro-Mega">Slowbro</span> fainted!</div><div class="spacer"></div><div>Go! Chandelure!</div><h2>Turn 21</h2><div class="spacer"></div><div>The opposing <span class="battle-nickname-foe" title="Tornadus">Tornadus</span> used <strong>Hurricane</strong>!</div><div><small><span class="battle-nickname" title="Chandelure">Chandelure</span> avoided the attack!</small></div><div class="spacer"></div><div><span class="battle-nickname" title="Chandelure">Chandelure</span> used <strong>Calm Mind</strong>!</div><div><small><span class="battle-nickname" title="Chandelure">Chandelure</span>'s Special Attack rose! <span class="battle-nickname" title="Chandelure">Chandelure</span>'s Special Defense rose! </small></div><h2>Turn 22</h2><div class="spacer"></div><div>The opposing <span class="battle-nickname-foe" title="Tornadus">Tornadus</span> used <strong>Hurricane</strong>!</div><div><small><span class="battle-nickname" title="Chandelure">Chandelure</span> lost 49% of its health!</small><br></div><div><small>The opposing <span class="battle-nickname-foe" title="Tornadus">Tornadus</span> lost some of its HP!</small></div><div class="spacer"></div><div><span class="battle-nickname" title="Chandelure">Chandelure</span> used <strong>Calm Mind</strong>!</div><div><small><span class="battle-nickname" title="Chandelure">Chandelure</span>'s Special Attack rose! <span class="battle-nickname" title="Chandelure">Chandelure</span>'s Special Defense rose! </small></div><div class="spacer"></div><div><small><span class="battle-nickname" title="Chandelure">Chandelure</span> restored a little HP using its Leftovers!</small></div><div><small>The opposing team's Light Screen wore off!</small></div><h2>Turn 23</h2><div class="spacer"></div><div>The opposing <span class="battle-nickname-foe" title="Tornadus">Tornadus</span> used <strong>Hurricane</strong>!</div><div><small><span class="battle-nickname" title="Chandelure">Chandelure</span> avoided the attack!</small></div><div class="spacer"></div><div><span class="battle-nickname" title="Chandelure">Chandelure</span> used <strong>Shadow Ball</strong>!</div><div><small>The opposing <span class="battle-nickname-foe" title="Tornadus">Tornadus</span> lost 55% of its health!</small><br></div><div class="spacer"></div><div>The opposing <span class="battle-nickname-foe" title="Tornadus">Tornadus</span> fainted!</div><div class="spacer"></div><div><small><span class="battle-nickname" title="Chandelure">Chandelure</span> restored a little HP using its Leftovers!</small></div><div class="spacer"></div><div>IllumixKillua sent out Cinccino!</div><h2>Turn 24</h2><div class="spacer"></div><div>The opposing <span class="battle-nickname-foe" title="Cinccino">Cinccino</span> used <strong>Rock Blast</strong>!</div><div><small>It's super effective! </small><small><span class="battle-nickname" title="Chandelure">Chandelure</span> lost 24% of its health!</small><br></div><div><small>It's super effective! </small><small><span class="battle-nickname" title="Chandelure">Chandelure</span> lost 23% of its health!</small><br></div><div><small>It's super effective! </small><small><span class="battle-nickname" title="Chandelure">Chandelure</span> lost 16% of its health!</small><br></div><div><small>Hit 3 times!</small></div><div class="spacer"></div><div><span class="battle-nickname" title="Chandelure">Chandelure</span> fainted!</div><div class="spacer"></div><div>Go! Togekiss!</div><h2>Turn 25</h2><div class="spacer"></div><div>The opposing <span class="battle-nickname-foe" title="Cinccino">Cinccino</span> used <strong>Rock Blast</strong>!</div><div><small><span class="battle-nickname" title="Togekiss">Togekiss</span> avoided the attack!</small></div><div class="spacer"></div><div><span class="battle-nickname" title="Togekiss">Togekiss</span> used <strong>Aura Sphere</strong>!</div><div><small>It's super effective! </small><small>The opposing <span class="battle-nickname-foe" title="Cinccino">Cinccino</span> lost 67% of its health!</small><br></div><h2>Turn 26</h2><div class="spacer"></div><div>The opposing <span class="battle-nickname-foe" title="Cinccino">Cinccino</span> used <strong>Rock Blast</strong>!</div><div><small>It's super effective! A critical hit! </small><small><span class="battle-nickname" title="Togekiss">Togekiss</span> lost 28% of its health!</small><br></div><div><small>It's super effective! </small><small><span class="battle-nickname" title="Togekiss">Togekiss</span> lost 20% of its health!</small><br></div><div><small>It's super effective! </small><small><span class="battle-nickname" title="Togekiss">Togekiss</span> lost 19% of its health!</small><br></div><div><small>It's super effective! </small><small><span class="battle-nickname" title="Togekiss">Togekiss</span> lost 19% of its health!</small><br></div><div><small>It's super effective! </small><small><span class="battle-nickname" title="Togekiss">Togekiss</span> lost 14% of its health!</small><br></div><div><small>Hit 5 times!</small></div><div class="spacer"></div><div><span class="battle-nickname" title="Togekiss">Togekiss</span> fainted!</div><div class="spacer"></div><div>Go! Araquanid!</div><h2>Turn 27</h2><div class="spacer"></div><div>The opposing <span class="battle-nickname-foe" title="Cinccino">Cinccino</span> used <strong>Rock Blast</strong>!</div><div><small>It's super effective! </small><small><span class="battle-nickname" title="Araquanid">Araquanid</span> lost 21% of its health!</small><br></div><div><small>It's super effective! </small><small><span class="battle-nickname" title="Araquanid">Araquanid</span> lost 20% of its health!</small><br></div><div><small>It's super effective! A critical hit! </small><small><span class="battle-nickname" title="Araquanid">Araquanid</span> lost 34% of its health!</small><br></div><div><small>It's super effective! </small><small><span class="battle-nickname" title="Araquanid">Araquanid</span> lost 22% of its health!</small><br></div><div><small>It's super effective! </small><small><span class="battle-nickname" title="Araquanid">Araquanid</span> lost 3% of its health!</small><br></div><div><small>Hit 5 times!</small></div><div class="spacer"></div><div><span class="battle-nickname" title="Araquanid">Araquanid</span> fainted!</div><div class="spacer"></div><div>IllumixKillua won the battle!</div><div class="chat">ssips's rating: 1716 → <strong>1696</strong><br>(-20 for losing)</div><div class="chat">IllumixKillua's rating: 1704 → <strong>1725</strong><br>(+21 for winning)</div></div></div>
</div>
<script>
var daily = Math.floor(Date.now()/1000/60/60/24);document.write('<script src="https://play.pokemonshowdown.com/js/replay-embed.js?version'+daily+'"></'+'script>');
</script>
