<!DOCTYPE html>
<meta charset="utf-8" />
<!-- version 1 -->
<title>[Gen 7] Random Battle replay: 9AM Lunean vs. Bread_wood</title>
<style>
html,body {font-family:Verdana, sans-serif;font-size:10pt;margin:0;padding:0;}body{padding:12px 0;} .battle-log {font-family:Verdana, sans-serif;font-size:10pt;} .battle-log-inline {border:1px solid #AAAAAA;background:#EEF2F5;color:black;max-width:640px;margin:0 auto 80px;padding-bottom:5px;} .battle-log .inner {padding:4px 8px 0px 8px;} .battle-log .inner-preempt {padding:0 8px 4px 8px;} .battle-log .inner-after {margin-top:0.5em;} .battle-log h2 {margin:0.5em -8px;padding:4px 8px;border:1px solid #AAAAAA;background:#E0E7EA;border-left:0;border-right:0;font-family:Verdana, sans-serif;font-size:13pt;} .battle-log .chat {vertical-align:middle;padding:3px 0 3px 0;font-size:8pt;} .battle-log .chat strong {color:#40576A;} .battle-log .chat em {padding:1px 4px 1px 3px;color:#000000;font-style:normal;} .chat.mine {background:rgba(0,0,0,0.05);margin-left:-8px;margin-right:-8px;padding-left:8px;padding-right:8px;} .spoiler {color:#BBBBBB;background:#BBBBBB;padding:0px 3px;} .spoiler:hover, .spoiler:active, .spoiler-shown {color:#000000;background:#E2E2E2;padding:0px 3px;} .spoiler a {color:#BBBBBB;} .spoiler:hover a, .spoiler:active a, .spoiler-shown a {color:#2288CC;} .chat code, .chat .spoiler:hover code, .chat .spoiler:active code, .chat .spoiler-shown code {border:1px solid #C0C0C0;background:#EEEEEE;color:black;padding:0 2px;} .chat .spoiler code {border:1px solid #CCCCCC;background:#CCCCCC;color:#CCCCCC;} .battle-log .rated {padding:3px 4px;} .battle-log .rated strong {color:white;background:#89A;padding:1px 4px;border-radius:4px;} .spacer {margin-top:0.5em;} .message-announce {background:#6688AA;color:white;padding:1px 4px 2px;} .message-announce a, .broadcast-green a, .broadcast-blue a, .broadcast-red a {color:#DDEEFF;} .broadcast-green {background-color:#559955;color:white;padding:2px 4px;} .broadcast-blue {background-color:#6688AA;color:white;padding:2px 4px;} .infobox {border:1px solid #6688AA;padding:2px 4px;} .infobox-limited {max-height:200px;overflow:auto;overflow-x:hidden;} .broadcast-red {background-color:#AA5544;color:white;padding:2px 4px;} .message-learn-canlearn {font-weight:bold;color:#228822;text-decoration:underline;} .message-learn-cannotlearn {font-weight:bold;color:#CC2222;text-decoration:underline;} .message-effect-weak {font-weight:bold;color:#CC2222;} .message-effect-resist {font-weight:bold;color:#6688AA;} .message-effect-immune {font-weight:bold;color:#666666;} .message-learn-list {margin-top:0;margin-bottom:0;} .message-throttle-notice, .message-error {color:#992222;} .message-overflow, .chat small.message-overflow {font-size:0pt;} .message-overflow::before {font-size:9pt;content:'...';} .subtle {color:#3A4A66;}
</style>
<div class="wrapper replay-wrapper" style="max-width:1180px;margin:0 auto">
<input type="hidden" name="replayid" value="gen7randombattle-566890031" />
<div class="battle"></div><div class="battle-log"></div><div class="replay-controls"></div><div class="replay-controls-2"></div>
<h1 style="font-weight:normal;text-align:center"><strong>[Gen 7] Random Battle</strong><br /><a href="http://pokemonshowdown.com/users/9amlunean" class="subtle" target="_blank">9AM Lunean</a> vs. <a href="http://pokemonshowdown.com/users/breadwood" class="subtle" target="_blank">Bread_wood</a></h1>
<script type="text/plain" class="battle-log-data">|j|9AM Lunean
|j|Bread_wood
|player|p1|9AM Lunean|82
|player|p2|Bread_wood|169
|gametype|singles
|gen|7
|tier|[Gen 7] Random Battle
|rated
|seed|56263,32050,15284,31885,42584,18000,56655,42745,9081,5870,61106,39948
|rule|Sleep Clause Mod: Limit one foe put to sleep
|rule|HP Percentage Mod: HP is shown in percentages
|
|start
|switch|p1a: Thundurus|Thundurus-Therian, L76, M|100\/100
|switch|p2a: Braviary|Braviary, L79, M|100\/100
|turn|1
|inactive|Battle timer is ON: inactive players will automatically lose when time's up. (requested by Bread_wood)
|choice|move focusblast|switch 4
|
|switch|p2a: Groudon|Groudon, L73|100\/100
|detailschange|p2a: Groudon|Groudon-Primal, L73
|-primal|p2a: Groudon
|-weather|DesolateLand|[from] ability: Desolate Land|[of] p2a: Groudon
|move|p1a: Thundurus|Focus Blast|p2a: Groudon
|-damage|p2a: Groudon|49\/100
|-damage|p1a: Thundurus|91\/100|[from] item: Life Orb
|
|-weather|DesolateLand|[upkeep]
|upkeep
|turn|2
|choice|move focusblast|move stoneedge
|
|move|p1a: Thundurus|Focus Blast|p2a: Groudon
|-damage|p2a: Groudon|0 fnt
|-damage|p1a: Thundurus|81\/100|[from] item: Life Orb
|faint|p2a: Groudon
|-weather|none
|
|upkeep
|choice||switch 2
|
|switch|p2a: Deoxys|Deoxys-Speed, L73|100\/100
|-ability|p2a: Deoxys|Pressure
|turn|3
|choice|switch 5|move psychoboost
|
|switch|p1a: Druddigon|Druddigon, L79, F|100\/100
|-ability|p1a: Druddigon|Mold Breaker
|move|p2a: Deoxys|Psycho Boost|p1a: Druddigon
|-damage|p1a: Druddigon|35\/100
|-unboost|p2a: Deoxys|spa|2
|-damage|p2a: Deoxys|91\/100|[from] item: Life Orb
|
|-heal|p1a: Druddigon|41\/100|[from] item: Leftovers
|upkeep
|turn|4
|choice|move dragonclaw|move knockoff
|
|move|p2a: Deoxys|Knock Off|p1a: Druddigon
|-damage|p1a: Druddigon|13\/100
|-enditem|p1a: Druddigon|Leftovers|[from] move: Knock Off|[of] p2a: Deoxys
|-damage|p2a: Deoxys|81\/100|[from] item: Life Orb
|move|p1a: Druddigon|Dragon Claw|p2a: Deoxys
|-damage|p2a: Deoxys|31\/100
|
|upkeep
|turn|5
|choice|move suckerpunch|move psychoboost
|
|move|p1a: Druddigon|Sucker Punch|p2a: Deoxys
|-supereffective|p2a: Deoxys
|-damage|p2a: Deoxys|0 fnt
|faint|p2a: Deoxys
|
|upkeep
|choice||switch 3
|
|switch|p2a: Ambipom|Ambipom, L79, M|100\/100
|turn|6
|choice|move suckerpunch|move return
|
|move|p1a: Druddigon|Sucker Punch|p2a: Ambipom
|-damage|p2a: Ambipom|73\/100
|move|p2a: Ambipom|Return|p1a: Druddigon
|-damage|p1a: Druddigon|0 fnt
|faint|p1a: Druddigon
|
|upkeep
|choice|switch 2|
|
|switch|p1a: Weezing|Weezing, L79, M|100\/100
|turn|7
|choice|move sludgebomb|switch 5
|
|switch|p2a: Rotom|Rotom-Wash, L75|100\/100
|move|p1a: Weezing|Sludge Bomb|p2a: Rotom
|-damage|p2a: Rotom|60\/100
|-status|p2a: Rotom|psn
|
|-damage|p2a: Rotom|48\/100 psn|[from] psn
|upkeep
|turn|8
|choice|move protect|move hydropump
|
|move|p1a: Weezing|Protect|p1a: Weezing
|-singleturn|p1a: Weezing|Protect
|move|p2a: Rotom|Hydro Pump|p1a: Weezing
|-activate|p1a: Weezing|move: Protect
|
|-damage|p2a: Rotom|36\/100 psn|[from] psn
|upkeep
|turn|9
|choice|move sludgebomb|move painsplit
|
|move|p2a: Rotom|Pain Split|p1a: Weezing
|-sethp|p1a: Weezing|66\/100|p2a: Rotom|76\/100 psn|[from] move: Pain Split
|move|p1a: Weezing|Sludge Bomb|p2a: Rotom
|-damage|p2a: Rotom|42\/100 psn
|
|-heal|p1a: Weezing|72\/100|[from] item: Black Sludge
|-damage|p2a: Rotom|30\/100 psn|[from] psn
|upkeep
|turn|10
|choice|move protect|move painsplit
|
|move|p1a: Weezing|Protect|p1a: Weezing
|-singleturn|p1a: Weezing|Protect
|move|p2a: Rotom|Pain Split|p1a: Weezing
|-activate|p1a: Weezing|move: Protect
|
|-heal|p1a: Weezing|78\/100|[from] item: Black Sludge
|-damage|p2a: Rotom|18\/100 psn|[from] psn
|upkeep
|turn|11
|choice|move toxicspikes|move painsplit
|
|move|p2a: Rotom|Pain Split|p1a: Weezing
|-sethp|p1a: Weezing|46\/100|p2a: Rotom|54\/100 psn|[from] move: Pain Split
|move|p1a: Weezing|Toxic Spikes|p2a: Rotom
|-sidestart|p2: Bread_wood|move: Toxic Spikes
|
|-heal|p1a: Weezing|52\/100|[from] item: Black Sludge
|-damage|p2a: Rotom|42\/100 psn|[from] psn
|upkeep
|turn|12
|choice|move protect|move hydropump
|
|move|p1a: Weezing|Protect|p1a: Weezing
|-singleturn|p1a: Weezing|Protect
|move|p2a: Rotom|Hydro Pump|p1a: Weezing
|-activate|p1a: Weezing|move: Protect
|
|-heal|p1a: Weezing|58\/100|[from] item: Black Sludge
|-damage|p2a: Rotom|30\/100 psn|[from] psn
|upkeep
|turn|13
|choice|move sludgebomb|move hydropump
|
|move|p2a: Rotom|Hydro Pump|p1a: Weezing
|-damage|p1a: Weezing|0 fnt
|-damage|p2a: Rotom|20\/100 psn|[from] item: Life Orb
|faint|p1a: Weezing
|
|-damage|p2a: Rotom|8\/100 psn|[from] psn
|upkeep
|choice|switch 3|
|
|switch|p1a: Accelgor|Accelgor, L79, M|100\/100
|turn|14
|choice|move bugbuzz|move painsplit
|
|move|p1a: Accelgor|Bug Buzz|p2a: Rotom
|-damage|p2a: Rotom|0 fnt
|faint|p2a: Rotom
|
|upkeep
|choice||switch 4
|
|switch|p2a: Braviary|Braviary, L79, M|100\/100
|turn|15
|choice|switch 6|move bravebird
|
|switch|p1a: Magmortar|Magmortar, L79, F|100\/100
|move|p2a: Braviary|Brave Bird|p1a: Magmortar
|-damage|p1a: Magmortar|0 fnt
|-damage|p2a: Braviary|72\/100|[from] recoil|[of] p1a: Magmortar
|-damage|p2a: Braviary|62\/100|[from] item: Life Orb
|faint|p1a: Magmortar
|
|upkeep
|choice|switch 5|
|
|switch|p1a: Thundurus|Thundurus-Therian, L76, M|81\/100
|turn|16
|choice|move thunderbolt|move return
|
|move|p1a: Thundurus|Thunderbolt|p2a: Braviary
|-supereffective|p2a: Braviary
|-damage|p2a: Braviary|0 fnt
|-damage|p1a: Thundurus|71\/100|[from] item: Life Orb
|faint|p2a: Braviary
|
|upkeep
|choice||switch 5
|
|switch|p2a: Ambipom|Ambipom, L79, M|73\/100
|-status|p2a: Ambipom|psn
|turn|17
|choice|switch 6|move return
|
|switch|p1a: Accelgor|Accelgor, L79, M|100\/100
|move|p2a: Ambipom|Return|p1a: Accelgor
|-damage|p1a: Accelgor|0 fnt
|faint|p1a: Accelgor
|
|-damage|p2a: Ambipom|61\/100 psn|[from] psn
|upkeep
|choice|switch 4|
|
|switch|p1a: Noivern|Noivern, L79, M|100\/100
|turn|18
|choice|move boomburst|switch 6
|
|switch|p2a: Alomomola|Alomomola, L77, F|100\/100
|-status|p2a: Alomomola|psn
|move|p1a: Noivern|Boomburst|p2a: Alomomola
|-damage|p2a: Alomomola|50\/100 psn
|-damage|p1a: Noivern|91\/100|[from] item: Life Orb
|
|-heal|p2a: Alomomola|56\/100 psn|[from] item: Leftovers
|-damage|p2a: Alomomola|44\/100 psn|[from] psn
|upkeep
|turn|19
|-message|Bread_wood forfeited.
|
|win|9AM Lunean
|l|Bread_wood
|raw|9AM Lunean's rating: 1955 &rarr; <strong>1971<\/strong><br \/>(+16 for winning)
|raw|Bread_wood's rating: 1882 &rarr; <strong>1866<\/strong><br \/>(-16 for losing)</script>
</div>
<div class="battle-log battle-log-inline"><div class="inner"><div class="chat"><small>9AM Lunean joined.</small></div><div class="chat"><small>Bread_wood joined.</small></div><div style="padding:5px 0"><small>Format:</small> <br><strong>[Gen 7] Random Battle</strong></div><div class="rated"><strong>Rated battle</strong></div><div><small><em>Sleep Clause Mod:</em> Limit one foe put to sleep</small></div><div><small><em>HP Percentage Mod:</em> HP is shown in percentages</small></div><div>Battle between 9AM Lunean and Bread_wood started!</div><div class="spacer"></div><div>Go! <span class="battle-nickname" title="Thundurus-Therian">Thundurus <small>(Thundurus-Therian)</small></span>!</div><div class="spacer"></div><div>Bread_wood sent out Braviary!</div><h2>Turn 1</h2><div class="chat message-error">Battle timer is ON: inactive players will automatically lose when time's up. (requested by Bread_wood)</div><div class="spacer"></div><div>Bread_wood withdrew Braviary!</div><div class="spacer"></div><div>Bread_wood sent out Groudon!</div><div class="spacer"></div><div><small>The opposing <span class="battle-nickname-foe" title="Groudon-Primal">Groudon</span>'s Primal Reversion! It reverted to its primal state!</small></div><div><small>[Opposing <span class="battle-nickname-foe" title="Groudon-Primal">Groudon</span>'s Desolate Land!]</small></div><div><small>The sunlight turned extremely harsh!</small></div><div class="spacer"></div><div><span class="battle-nickname" title="Thundurus-Therian">Thundurus</span> used <strong>Focus Blast</strong>!</div><div><small>The opposing <span class="battle-nickname-foe" title="Groudon-Primal">Groudon</span> lost 51% of its health!</small><br></div><div><small><span class="battle-nickname" title="Thundurus-Therian">Thundurus</span> lost some of its HP!</small></div><h2>Turn 2</h2><div class="spacer"></div><div><span class="battle-nickname" title="Thundurus-Therian">Thundurus</span> used <strong>Focus Blast</strong>!</div><div><small>The opposing <span class="battle-nickname-foe" title="Groudon-Primal">Groudon</span> lost 49% of its health!</small><br></div><div><small><span class="battle-nickname" title="Thundurus-Therian">Thundurus</span> lost some of its HP!</small></div><div class="spacer"></div><div>The opposing <span class="battle-nickname-foe" title="Groudon-Primal">Groudon</span> fainted!</div><div><small>The harsh sunlight faded.</small></div><div class="spacer"></div><div>Bread_wood sent out <span class="battle-nickname-foe" title="Deoxys-Speed">Deoxys <small>(Deoxys-Speed)</small></span>!</div><div><small>[Opposing <span class="battle-nickname-foe" title="Deoxys-Speed">Deoxys</span>'s Pressure!]</small></div><div><small>The opposing <span class="battle-nickname-foe" title="Deoxys-Speed">Deoxys</span> is exerting its pressure!</small></div><h2>Turn 3</h2><div class="spacer"></div><div><span class="battle-nickname" title="Thundurus-Therian">Thundurus</span>, come back!</div><div class="spacer"></div><div>Go! Druddigon!</div><div><small>[<span class="battle-nickname" title="Druddigon">Druddigon</span>'s Mold Breaker!]</small></div><div><small><span class="battle-nickname" title="Druddigon">Druddigon</span> breaks the mold!</small></div><div class="spacer"></div><div>The opposing <span class="battle-nickname-foe" title="Deoxys-Speed">Deoxys</span> used <strong>Psycho Boost</strong>!</div><div><small><span class="battle-nickname" title="Druddigon">Druddigon</span> lost 65% of its health!</small><br></div><div><small>The opposing <span class="battle-nickname-foe" title="Deoxys-Speed">Deoxys</span>'s Special Attack fell harshly! </small></div><div><small>The opposing <span class="battle-nickname-foe" title="Deoxys-Speed">Deoxys</span> lost some of its HP!</small></div><div class="spacer"></div><div><small><span class="battle-nickname" title="Druddigon">Druddigon</span> restored a little HP using its Leftovers!</small></div><h2>Turn 4</h2><div class="spacer"></div><div>The opposing <span class="battle-nickname-foe" title="Deoxys-Speed">Deoxys</span> used <strong>Knock Off</strong>!</div><div><small><span class="battle-nickname" title="Druddigon">Druddigon</span> lost 28% of its health!</small><br></div><div><small>The opposing <span class="battle-nickname-foe" title="Deoxys-Speed">Deoxys</span> knocked off <span class="battle-nickname" title="Druddigon">Druddigon</span>'s Leftovers!</small></div><div><small>The opposing <span class="battle-nickname-foe" title="Deoxys-Speed">Deoxys</span> lost some of its HP!</small></div><div class="spacer"></div><div><span class="battle-nickname" title="Druddigon">Druddigon</span> used <strong>Dragon Claw</strong>!</div><div><small>The opposing <span class="battle-nickname-foe" title="Deoxys-Speed">Deoxys</span> lost 50% of its health!</small><br></div><h2>Turn 5</h2><div class="spacer"></div><div><span class="battle-nickname" title="Druddigon">Druddigon</span> used <strong>Sucker Punch</strong>!</div><div><small>It's super effective! </small><small>The opposing <span class="battle-nickname-foe" title="Deoxys-Speed">Deoxys</span> lost 31% of its health!</small><br></div><div class="spacer"></div><div>The opposing <span class="battle-nickname-foe" title="Deoxys-Speed">Deoxys</span> fainted!</div><div class="spacer"></div><div>Bread_wood sent out Ambipom!</div><h2>Turn 6</h2><div class="spacer"></div><div><span class="battle-nickname" title="Druddigon">Druddigon</span> used <strong>Sucker Punch</strong>!</div><div><small>The opposing <span class="battle-nickname-foe" title="Ambipom">Ambipom</span> lost 27% of its health!</small><br></div><div class="spacer"></div><div>The opposing <span class="battle-nickname-foe" title="Ambipom">Ambipom</span> used <strong>Return</strong>!</div><div><small><span class="battle-nickname" title="Druddigon">Druddigon</span> lost 13% of its health!</small><br></div><div class="spacer"></div><div><span class="battle-nickname" title="Druddigon">Druddigon</span> fainted!</div><div class="spacer"></div><div>Go! Weezing!</div><h2>Turn 7</h2><div class="spacer"></div><div>Bread_wood withdrew Ambipom!</div><div class="spacer"></div><div>Bread_wood sent out <span class="battle-nickname-foe" title="Rotom-Wash">Rotom <small>(Rotom-Wash)</small></span>!</div><div class="spacer"></div><div><span class="battle-nickname" title="Weezing">Weezing</span> used <strong>Sludge Bomb</strong>!</div><div><small>The opposing <span class="battle-nickname-foe" title="Rotom-Wash">Rotom</span> lost 40% of its health!</small><br></div><div><small>The opposing <span class="battle-nickname-foe" title="Rotom-Wash">Rotom</span> was poisoned!</small></div><div class="spacer"></div><div><small>The opposing <span class="battle-nickname-foe" title="Rotom-Wash">Rotom</span> was hurt by poison!</small></div><h2>Turn 8</h2><div class="spacer"></div><div><span class="battle-nickname" title="Weezing">Weezing</span> used <strong>Protect</strong>!</div><div><small><span class="battle-nickname" title="Weezing">Weezing</span> protected itself!</small></div><div class="spacer"></div><div>The opposing <span class="battle-nickname-foe" title="Rotom-Wash">Rotom</span> used <strong>Hydro Pump</strong>!</div><div><small><span class="battle-nickname" title="Weezing">Weezing</span> protected itself!</small></div><div class="spacer"></div><div><small>The opposing <span class="battle-nickname-foe" title="Rotom-Wash">Rotom</span> was hurt by poison!</small></div><h2>Turn 9</h2><div class="spacer"></div><div>The opposing <span class="battle-nickname-foe" title="Rotom-Wash">Rotom</span> used <strong>Pain Split</strong>!</div><div><small>The battlers shared their pain!</small></div><div class="spacer"></div><div><span class="battle-nickname" title="Weezing">Weezing</span> used <strong>Sludge Bomb</strong>!</div><div><small>The opposing <span class="battle-nickname-foe" title="Rotom-Wash">Rotom</span> lost 34% of its health!</small><br></div><div class="spacer"></div><div><small><span class="battle-nickname" title="Weezing">Weezing</span> restored a little HP using its Black Sludge!</small></div><div><small>The opposing <span class="battle-nickname-foe" title="Rotom-Wash">Rotom</span> was hurt by poison!</small></div><h2>Turn 10</h2><div class="spacer"></div><div><span class="battle-nickname" title="Weezing">Weezing</span> used <strong>Protect</strong>!</div><div><small><span class="battle-nickname" title="Weezing">Weezing</span> protected itself!</small></div><div class="spacer"></div><div>The opposing <span class="battle-nickname-foe" title="Rotom-Wash">Rotom</span> used <strong>Pain Split</strong>!</div><div><small><span class="battle-nickname" title="Weezing">Weezing</span> protected itself!</small></div><div class="spacer"></div><div><small><span class="battle-nickname" title="Weezing">Weezing</span> restored a little HP using its Black Sludge!</small></div><div><small>The opposing <span class="battle-nickname-foe" title="Rotom-Wash">Rotom</span> was hurt by poison!</small></div><h2>Turn 11</h2><div class="spacer"></div><div>The opposing <span class="battle-nickname-foe" title="Rotom-Wash">Rotom</span> used <strong>Pain Split</strong>!</div><div><small>The battlers shared their pain!</small></div><div class="spacer"></div><div><span class="battle-nickname" title="Weezing">Weezing</span> used <strong>Toxic Spikes</strong>!</div><div><small>Poison spikes were scattered on the ground all around the opposing team!</small></div><div class="spacer"></div><div><small><span class="battle-nickname" title="Weezing">Weezing</span> restored a little HP using its Black Sludge!</small></div><div><small>The opposing <span class="battle-nickname-foe" title="Rotom-Wash">Rotom</span> was hurt by poison!</small></div><h2>Turn 12</h2><div class="spacer"></div><div><span class="battle-nickname" title="Weezing">Weezing</span> used <strong>Protect</strong>!</div><div><small><span class="battle-nickname" title="Weezing">Weezing</span> protected itself!</small></div><div class="spacer"></div><div>The opposing <span class="battle-nickname-foe" title="Rotom-Wash">Rotom</span> used <strong>Hydro Pump</strong>!</div><div><small><span class="battle-nickname" title="Weezing">Weezing</span> protected itself!</small></div><div class="spacer"></div><div><small><span class="battle-nickname" title="Weezing">Weezing</span> restored a little HP using its Black Sludge!</small></div><div><small>The opposing <span class="battle-nickname-foe" title="Rotom-Wash">Rotom</span> was hurt by poison!</small></div><h2>Turn 13</h2><div class="spacer"></div><div>The opposing <span class="battle-nickname-foe" title="Rotom-Wash">Rotom</span> used <strong>Hydro Pump</strong>!</div><div><small><span class="battle-nickname" title="Weezing">Weezing</span> lost 57% of its health!</small><br></div><div><small>The opposing <span class="battle-nickname-foe" title="Rotom-Wash">Rotom</span> lost some of its HP!</small></div><div class="spacer"></div><div><span class="battle-nickname" title="Weezing">Weezing</span> fainted!</div><div class="spacer"></div><div><small>The opposing <span class="battle-nickname-foe" title="Rotom-Wash">Rotom</span> was hurt by poison!</small></div><div class="spacer"></div><div>Go! Accelgor!</div><h2>Turn 14</h2><div class="spacer"></div><div><span class="battle-nickname" title="Accelgor">Accelgor</span> used <strong>Bug Buzz</strong>!</div><div><small>The opposing <span class="battle-nickname-foe" title="Rotom-Wash">Rotom</span> lost 8% of its health!</small><br></div><div class="spacer"></div><div>The opposing <span class="battle-nickname-foe" title="Rotom-Wash">Rotom</span> fainted!</div><div class="spacer"></div><div>Bread_wood sent out Braviary!</div><h2>Turn 15</h2><div class="spacer"></div><div><span class="battle-nickname" title="Accelgor">Accelgor</span>, come back!</div><div class="spacer"></div><div>Go! Magmortar!</div><div class="spacer"></div><div>The opposing <span class="battle-nickname-foe" title="Braviary">Braviary</span> used <strong>Brave Bird</strong>!</div><div><small><span class="battle-nickname" title="Magmortar">Magmortar</span> lost 100% of its health!</small><br></div><div><small>The opposing <span class="battle-nickname-foe" title="Braviary">Braviary</span> is damaged by the recoil!</small></div><div><small>The opposing <span class="battle-nickname-foe" title="Braviary">Braviary</span> lost some of its HP!</small></div><div class="spacer"></div><div><span class="battle-nickname" title="Magmortar">Magmortar</span> fainted!</div><div class="spacer"></div><div>Go! <span class="battle-nickname" title="Thundurus-Therian">Thundurus <small>(Thundurus-Therian)</small></span>!</div><h2>Turn 16</h2><div class="spacer"></div><div><span class="battle-nickname" title="Thundurus-Therian">Thundurus</span> used <strong>Thunderbolt</strong>!</div><div><small>It's super effective! </small><small>The opposing <span class="battle-nickname-foe" title="Braviary">Braviary</span> lost 62% of its health!</small><br></div><div><small><span class="battle-nickname" title="Thundurus-Therian">Thundurus</span> lost some of its HP!</small></div><div class="spacer"></div><div>The opposing <span class="battle-nickname-foe" title="Braviary">Braviary</span> fainted!</div><div class="spacer"></div><div>Bread_wood sent out Ambipom!</div><div><small>The opposing <span class="battle-nickname-foe" title="Ambipom">Ambipom</span> was poisoned!</small></div><h2>Turn 17</h2><div class="spacer"></div><div><span class="battle-nickname" title="Thundurus-Therian">Thundurus</span>, come back!</div><div class="spacer"></div><div>Go! Accelgor!</div><div class="spacer"></div><div>The opposing <span class="battle-nickname-foe" title="Ambipom">Ambipom</span> used <strong>Return</strong>!</div><div><small><span class="battle-nickname" title="Accelgor">Accelgor</span> lost 100% of its health!</small><br></div><div class="spacer"></div><div><span class="battle-nickname" title="Accelgor">Accelgor</span> fainted!</div><div class="spacer"></div><div><small>The opposing <span class="battle-nickname-foe" title="Ambipom">Ambipom</span> was hurt by poison!</small></div><div class="spacer"></div><div>Go! Noivern!</div><h2>Turn 18</h2><div class="spacer"></div><div>Bread_wood withdrew Ambipom!</div><div class="spacer"></div><div>Bread_wood sent out Alomomola!</div><div><small>The opposing <span class="battle-nickname-foe" title="Alomomola">Alomomola</span> was poisoned!</small></div><div class="spacer"></div><div><span class="battle-nickname" title="Noivern">Noivern</span> used <strong>Boomburst</strong>!</div><div><small>The opposing <span class="battle-nickname-foe" title="Alomomola">Alomomola</span> lost 50% of its health!</small><br></div><div><small><span class="battle-nickname" title="Noivern">Noivern</span> lost some of its HP!</small></div><div class="spacer"></div><div><small>The opposing <span class="battle-nickname-foe" title="Alomomola">Alomomola</span> restored a little HP using its Leftovers!</small></div><div><small>The opposing <span class="battle-nickname-foe" title="Alomomola">Alomomola</span> was hurt by poison!</small></div><h2>Turn 19</h2><div class="spacer"></div><div><small>Bread_wood forfeited.</small></div><div class="spacer"></div><div>9AM Lunean won the battle!</div><div class="chat"><small>Bread_wood left.</small></div><div class="chat">9AM Lunean's rating: 1955 → <strong>1971</strong><br>(+16 for winning)</div><div class="chat">Bread_wood's rating: 1882 → <strong>1866</strong><br>(-16 for losing)</div></div></div>
</div>
<script>
var daily = Math.floor(Date.now()/1000/60/60/24);document.write('<script src="https://play.pokemonshowdown.com/js/replay-embed.js?version'+daily+'"></'+'script>');
</script>
