<!DOCTYPE html>
<meta charset="utf-8" />
<!-- version 1 -->
<title>[Gen 7] Random Battle replay: luxray1000000 vs. Noob6921</title>
<style>
html,body {font-family:Verdana, sans-serif;font-size:10pt;margin:0;padding:0;}body{padding:12px 0;} .battle-log {font-family:Verdana, sans-serif;font-size:10pt;} .battle-log-inline {border:1px solid #AAAAAA;background:#EEF2F5;color:black;max-width:640px;margin:0 auto 80px;padding-bottom:5px;} .battle-log .inner {padding:4px 8px 0px 8px;} .battle-log .inner-preempt {padding:0 8px 4px 8px;} .battle-log .inner-after {margin-top:0.5em;} .battle-log h2 {margin:0.5em -8px;padding:4px 8px;border:1px solid #AAAAAA;background:#E0E7EA;border-left:0;border-right:0;font-family:Verdana, sans-serif;font-size:13pt;} .battle-log .chat {vertical-align:middle;padding:3px 0 3px 0;font-size:8pt;} .battle-log .chat strong {color:#40576A;} .battle-log .chat em {padding:1px 4px 1px 3px;color:#000000;font-style:normal;} .chat.mine {background:rgba(0,0,0,0.05);margin-left:-8px;margin-right:-8px;padding-left:8px;padding-right:8px;} .spoiler {color:#BBBBBB;background:#BBBBBB;padding:0px 3px;} .spoiler:hover, .spoiler:active, .spoiler-shown {color:#000000;background:#E2E2E2;padding:0px 3px;} .spoiler a {color:#BBBBBB;} .spoiler:hover a, .spoiler:active a, .spoiler-shown a {color:#2288CC;} .chat code, .chat .spoiler:hover code, .chat .spoiler:active code, .chat .spoiler-shown code {border:1px solid #C0C0C0;background:#EEEEEE;color:black;padding:0 2px;} .chat .spoiler code {border:1px solid #CCCCCC;background:#CCCCCC;color:#CCCCCC;} .battle-log .rated {padding:3px 4px;} .battle-log .rated strong {color:white;background:#89A;padding:1px 4px;border-radius:4px;} .spacer {margin-top:0.5em;} .message-announce {background:#6688AA;color:white;padding:1px 4px 2px;} .message-announce a, .broadcast-green a, .broadcast-blue a, .broadcast-red a {color:#DDEEFF;} .broadcast-green {background-color:#559955;color:white;padding:2px 4px;} .broadcast-blue {background-color:#6688AA;color:white;padding:2px 4px;} .infobox {border:1px solid #6688AA;padding:2px 4px;} .infobox-limited {max-height:200px;overflow:auto;overflow-x:hidden;} .broadcast-red {background-color:#AA5544;color:white;padding:2px 4px;} .message-learn-canlearn {font-weight:bold;color:#228822;text-decoration:underline;} .message-learn-cannotlearn {font-weight:bold;color:#CC2222;text-decoration:underline;} .message-effect-weak {font-weight:bold;color:#CC2222;} .message-effect-resist {font-weight:bold;color:#6688AA;} .message-effect-immune {font-weight:bold;color:#666666;} .message-learn-list {margin-top:0;margin-bottom:0;} .message-throttle-notice, .message-error {color:#992222;} .message-overflow, .chat small.message-overflow {font-size:0pt;} .message-overflow::before {font-size:9pt;content:'...';} .subtle {color:#3A4A66;}
</style>
<div class="wrapper replay-wrapper" style="max-width:1180px;margin:0 auto">
<input type="hidden" name="replayid" value="gen7randombattle-566868569" />
<div class="battle"></div><div class="battle-log"></div><div class="replay-controls"></div><div class="replay-controls-2"></div>
<h1 style="font-weight:normal;text-align:center"><strong>[Gen 7] Random Battle</strong><br /><a href="http://pokemonshowdown.com/users/luxray1000000" class="subtle" target="_blank">luxray1000000</a> vs. <a href="http://pokemonshowdown.com/users/noob6921" class="subtle" target="_blank">Noob6921</a></h1>
<script type="text/plain" class="battle-log-data">|j|luxray1000000
|j|Noob6921
|player|p1|luxray1000000|25
|player|p2|Noob6921|192
|gametype|singles
|gen|7
|tier|[Gen 7] Random Battle
|rated
|seed|19241,7445,56739,14351,12941,39027,32696,53199,33423,13293,63899,48559
|rule|Sleep Clause Mod: Limit one foe put to sleep
|rule|HP Percentage Mod: HP is shown in percentages
|
|start
|switch|p1a: Slowking|Slowking, L79, M|100\/100
|switch|p2a: Aromatisse|Aromatisse, L79, F|100\/100
|turn|1
|choice|move nastyplot|switch 4
|
|switch|p2a: Electivire|Electivire, L79, F|100\/100
|move|p1a: Slowking|Nasty Plot|p1a: Slowking
|-boost|p1a: Slowking|spa|2
|
|upkeep
|turn|2
|choice|switch 6|move voltswitch
|
|switch|p1a: Mamoswine|Mamoswine, L75, M|100\/100
|move|p2a: Electivire|Volt Switch|p1a: Mamoswine
|-immune|p1a: Mamoswine|[msg]
|
|upkeep
|turn|3
|inactive|Battle timer is ON: inactive players will automatically lose when time's up. (requested by luxray1000000)
|choice|move knockoff|switch 2
|
|switch|p2a: Arceus|Arceus-Grass, L73|100\/100
|move|p1a: Mamoswine|Knock Off|p2a: Arceus
|-damage|p2a: Arceus|82\/100
|-damage|p1a: Mamoswine|91\/100|[from] item: Life Orb
|
|upkeep
|turn|4
|choice|move iciclecrash|switch 5
|
|switch|p2a: Lycanroc|Lycanroc-Midnight, L79, M|100\/100
|move|p1a: Mamoswine|Icicle Crash|p2a: Lycanroc
|-crit|p2a: Lycanroc
|-damage|p2a: Lycanroc|22\/100
|-damage|p1a: Mamoswine|81\/100|[from] item: Life Orb
|
|upkeep
|turn|5
|choice|move stealthrock|move stoneedge
|
|move|p2a: Lycanroc|Stone Edge|p1a: Mamoswine
|-crit|p1a: Mamoswine
|-damage|p1a: Mamoswine|0 fnt
|-damage|p2a: Lycanroc|12\/100|[from] item: Life Orb
|faint|p1a: Mamoswine
|
|upkeep
|choice|switch 2|
|
|switch|p1a: Tornadus|Tornadus, L78, M|100\/100
|turn|6
|choice|move knockoff|move stoneedge
|
|move|p1a: Tornadus|Knock Off|p2a: Lycanroc
|-damage|p2a: Lycanroc|0 fnt
|-enditem|p2a: Lycanroc|Life Orb|[from] move: Knock Off|[of] p1a: Tornadus
|-damage|p1a: Tornadus|91\/100|[from] item: Life Orb
|faint|p2a: Lycanroc
|
|upkeep
|choice||switch 2
|
|switch|p2a: Electivire|Electivire, L79, F|100\/100
|turn|7
|choice|move uturn|move voltswitch
|
|move|p1a: Tornadus|U-turn|p2a: Electivire
|-damage|p2a: Electivire|65\/100
|-damage|p1a: Tornadus|81\/100|[from] item: Life Orb
|choice|switch 4|
|
|switch|p1a: Exeggutor|Exeggutor, L79, F|100\/100
|move|p2a: Electivire|Volt Switch|p1a: Exeggutor
|-resisted|p1a: Exeggutor
|-damage|p1a: Exeggutor|87\/100
|choice||switch 6
|
|switch|p2a: Metagross|Metagross, L75|100\/100
|
|upkeep
|turn|8
|choice|move leechseed|move agility mega
|
|detailschange|p2a: Metagross|Metagross-Mega, L75
|-mega|p2a: Metagross|Metagross|Metagrossite
|move|p2a: Metagross|Agility|p2a: Metagross
|-boost|p2a: Metagross|spe|2
|move|p1a: Exeggutor|Leech Seed|p2a: Metagross
|-start|p2a: Metagross|move: Leech Seed
|
|-damage|p2a: Metagross|88\/100|[from] Leech Seed|[of] p1a: Exeggutor
|-heal|p1a: Exeggutor|97\/100|[silent]
|upkeep
|turn|9
|choice|switch 6|move icepunch
|
|switch|p1a: Slowking|Slowking, L79, M|100\/100
|move|p2a: Metagross|Ice Punch|p1a: Slowking
|-resisted|p1a: Slowking
|-damage|p1a: Slowking|84\/100
|
|-heal|p1a: Slowking|90\/100|[from] item: Leftovers
|-damage|p2a: Metagross|76\/100|[from] Leech Seed|[of] p1a: Slowking
|-heal|p1a: Slowking|100\/100|[silent]
|upkeep
|turn|10
|choice|move psyshock|switch 6
|
|switch|p2a: Electivire|Electivire, L79, F|65\/100
|move|p1a: Slowking|Psyshock|p2a: Electivire
|-crit|p2a: Electivire
|-damage|p2a: Electivire|2\/100
|
|upkeep
|turn|11
|choice|switch 6|move voltswitch
|
|switch|p1a: Exeggutor|Exeggutor, L79, F|97\/100
|move|p2a: Electivire|Volt Switch|p1a: Exeggutor
|-resisted|p1a: Exeggutor
|-damage|p1a: Exeggutor|83\/100
|choice||switch 6
|
|switch|p2a: Metagross|Metagross-Mega, L75|76\/100
|
|upkeep
|turn|12
|choice|move leechseed|move meteormash
|
|move|p2a: Metagross|Meteor Mash|p1a: Exeggutor
|-damage|p1a: Exeggutor|28\/100
|-enditem|p1a: Exeggutor|Sitrus Berry|[eat]
|-heal|p1a: Exeggutor|53\/100|[from] item: Sitrus Berry
|move|p1a: Exeggutor|Leech Seed|p2a: Metagross
|-start|p2a: Metagross|move: Leech Seed
|
|-damage|p2a: Metagross|64\/100|[from] Leech Seed|[of] p1a: Exeggutor
|-heal|p1a: Exeggutor|64\/100|[silent]
|upkeep
|turn|13
|choice|switch 6|switch 5
|
|switch|p2a: Arceus|Arceus-Grass, L73|82\/100
|switch|p1a: Slowking|Slowking, L79, M|100\/100
|
|upkeep
|turn|14
|choice|switch 5|move judgment
|
|switch|p1a: Garbodor|Garbodor, L79, M|100\/100
|move|p2a: Arceus|Judgment|p1a: Garbodor
|-resisted|p1a: Garbodor
|-damage|p1a: Garbodor|75\/100
|
|-heal|p1a: Garbodor|81\/100|[from] item: Black Sludge
|upkeep
|turn|15
|choice|move toxic|switch 5
|
|switch|p2a: Metagross|Metagross-Mega, L75|64\/100
|move|p1a: Garbodor|Toxic|p2a: Metagross
|-immune|p2a: Metagross|[msg]
|
|-heal|p1a: Garbodor|88\/100|[from] item: Black Sludge
|upkeep
|turn|16
|choice|move toxicspikes|move agility
|
|move|p2a: Metagross|Agility|p2a: Metagross
|-boost|p2a: Metagross|spe|2
|move|p1a: Garbodor|Toxic Spikes|p2a: Metagross
|-sidestart|p2: Noob6921|move: Toxic Spikes
|
|-heal|p1a: Garbodor|94\/100|[from] item: Black Sludge
|upkeep
|turn|17
|choice|switch 5|move meteormash
|
|switch|p1a: Slowking|Slowking, L79, M|100\/100
|move|p2a: Metagross|Meteor Mash|p1a: Slowking
|-resisted|p1a: Slowking
|-damage|p1a: Slowking|70\/100
|
|-heal|p1a: Slowking|76\/100|[from] item: Leftovers
|upkeep
|turn|18
|choice|move psyshock|move meteormash
|
|move|p2a: Metagross|Meteor Mash|p1a: Slowking
|-resisted|p1a: Slowking
|-damage|p1a: Slowking|47\/100
|move|p1a: Slowking|Psyshock|p2a: Metagross
|-resisted|p2a: Metagross
|-damage|p2a: Metagross|57\/100
|
|-heal|p1a: Slowking|53\/100|[from] item: Leftovers
|upkeep
|turn|19
|choice|move nastyplot|move meteormash
|
|move|p2a: Metagross|Meteor Mash|p1a: Slowking
|-resisted|p1a: Slowking
|-damage|p1a: Slowking|23\/100
|move|p1a: Slowking|Nasty Plot|p1a: Slowking
|-boost|p1a: Slowking|spa|2
|
|-heal|p1a: Slowking|29\/100|[from] item: Leftovers
|upkeep
|turn|20
|choice|move scald|move meteormash
|
|move|p2a: Metagross|Meteor Mash|p1a: Slowking
|-resisted|p1a: Slowking
|-damage|p1a: Slowking|0 fnt
|-boost|p2a: Metagross|atk|1
|faint|p1a: Slowking
|
|upkeep
|choice|switch 3|
|
|switch|p1a: Alomomola|Alomomola, L77, F|100\/100
|turn|21
|choice|move knockoff|move meteormash
|
|move|p2a: Metagross|Meteor Mash|p1a: Alomomola
|-resisted|p1a: Alomomola
|-damage|p1a: Alomomola|67\/100
|move|p1a: Alomomola|Knock Off|p2a: Metagross
|-supereffective|p2a: Metagross
|-damage|p2a: Metagross|39\/100
|
|-heal|p1a: Alomomola|73\/100|[from] item: Leftovers
|upkeep
|turn|22
|choice|move wish|move meteormash
|
|move|p2a: Metagross|Meteor Mash|p1a: Alomomola
|-resisted|p1a: Alomomola
|-damage|p1a: Alomomola|44\/100
|move|p1a: Alomomola|Wish|p1a: Alomomola
|
|-heal|p1a: Alomomola|50\/100|[from] item: Leftovers
|upkeep
|turn|23
|choice|move scald|move meteormash
|
|move|p2a: Metagross|Meteor Mash|p1a: Alomomola
|-resisted|p1a: Alomomola
|-damage|p1a: Alomomola|16\/100
|move|p1a: Alomomola|Scald|p2a: Metagross
|-damage|p2a: Metagross|25\/100
|
|-heal|p1a: Alomomola|66\/100|[from] move: Wish|[wisher] Alomomola
|-heal|p1a: Alomomola|72\/100|[from] item: Leftovers
|upkeep
|turn|24
|choice|move wish|switch 5
|
|switch|p2a: Arceus|Arceus-Grass, L73|82\/100
|-status|p2a: Arceus|psn
|move|p1a: Alomomola|Wish|p1a: Alomomola
|
|-heal|p1a: Alomomola|78\/100|[from] item: Leftovers
|-damage|p2a: Arceus|69\/100 psn|[from] psn
|upkeep
|turn|25
|choice|switch 6|move icebeam
|
|switch|p1a: Exeggutor|Exeggutor, L79, F|64\/100
|move|p2a: Arceus|Ice Beam|p1a: Exeggutor
|-supereffective|p1a: Exeggutor
|-damage|p1a: Exeggutor|11\/100
|
|-heal|p1a: Exeggutor|79\/100|[from] move: Wish|[wisher] Alomomola
|-damage|p2a: Arceus|57\/100 psn|[from] psn
|upkeep
|turn|26
|choice|move leechseed|switch 6
|
|switch|p2a: Electivire|Electivire, L79, F|2\/100
|-status|p2a: Electivire|psn
|move|p1a: Exeggutor|Leech Seed|p2a: Electivire
|-start|p2a: Electivire|move: Leech Seed
|
|-damage|p2a: Electivire|0 fnt|[from] Leech Seed|[of] p1a: Exeggutor
|-heal|p1a: Exeggutor|80\/100|[silent]
|upkeep
|faint|p2a: Electivire
|choice||switch 3
|
|switch|p2a: Decidueye|Decidueye, L77, M|100\/100
|-status|p2a: Decidueye|psn
|turn|27
|choice|move leechseed|move swordsdance
|
|move|p2a: Decidueye|Swords Dance|p2a: Decidueye
|-boost|p2a: Decidueye|atk|2
|move|p1a: Exeggutor|Leech Seed|p2a: Decidueye
|-immune|p2a: Decidueye|[msg]
|
|-damage|p2a: Decidueye|88\/100 psn|[from] psn
|upkeep
|turn|28
|choice|switch 5|move spiritshackle
|
|switch|p1a: Garbodor|Garbodor, L79, M|94\/100
|move|p2a: Decidueye|Spirit Shackle|p1a: Garbodor
|-damage|p1a: Garbodor|24\/100
|-activate|p1a: Garbodor|trapped
|
|-heal|p1a: Garbodor|30\/100|[from] item: Black Sludge
|-heal|p2a: Decidueye|94\/100 psn|[from] item: Leftovers
|-damage|p2a: Decidueye|82\/100 psn|[from] psn
|upkeep
|turn|29
|choice|move gunkshot|move spiritshackle
|
|move|p1a: Garbodor|Gunk Shot|p2a: Decidueye
|-damage|p2a: Decidueye|22\/100 psn
|move|p2a: Decidueye|Spirit Shackle|p1a: Garbodor
|-damage|p1a: Garbodor|0 fnt
|faint|p1a: Garbodor
|
|-heal|p2a: Decidueye|28\/100 psn|[from] item: Leftovers
|-damage|p2a: Decidueye|16\/100 psn|[from] psn
|upkeep
|choice|switch 4|
|
|switch|p1a: Tornadus|Tornadus, L78, M|81\/100
|turn|30
|choice|move knockoff|switch 5
|
|switch|p2a: Metagross|Metagross-Mega, L75|25\/100
|move|p1a: Tornadus|Knock Off|p2a: Metagross
|-supereffective|p2a: Metagross
|-damage|p2a: Metagross|0 fnt
|-damage|p1a: Tornadus|71\/100|[from] item: Life Orb
|faint|p2a: Metagross
|
|upkeep
|choice||switch 4
|
|switch|p2a: Aromatisse|Aromatisse, L79, F|100\/100
|-status|p2a: Aromatisse|psn
|turn|31
|choice|move knockoff|move moonblast
|
|move|p1a: Tornadus|Knock Off|p2a: Aromatisse
|-resisted|p2a: Aromatisse
|-damage|p2a: Aromatisse|81\/100 psn
|-enditem|p2a: Aromatisse|Light Clay|[from] move: Knock Off|[of] p1a: Tornadus
|-damage|p1a: Tornadus|61\/100|[from] item: Life Orb
|move|p2a: Aromatisse|Moonblast|p1a: Tornadus
|-damage|p1a: Tornadus|21\/100
|
|-damage|p2a: Aromatisse|68\/100 psn|[from] psn
|upkeep
|turn|32
|choice|switch 6|move moonblast
|
|switch|p1a: Alomomola|Alomomola, L77, F|100\/100
|move|p2a: Aromatisse|Moonblast|p1a: Alomomola
|-damage|p1a: Alomomola|59\/100
|
|-heal|p1a: Alomomola|65\/100|[from] item: Leftovers
|-damage|p2a: Aromatisse|56\/100 psn|[from] psn
|upkeep
|turn|33
|choice|move protect|move wish
|
|move|p1a: Alomomola|Protect|p1a: Alomomola
|-singleturn|p1a: Alomomola|Protect
|move|p2a: Aromatisse|Wish|p2a: Aromatisse
|
|-heal|p1a: Alomomola|71\/100|[from] item: Leftovers
|-damage|p2a: Aromatisse|43\/100 psn|[from] psn
|upkeep
|turn|34
|choice|switch 6|move moonblast
|
|switch|p1a: Tornadus|Tornadus, L78, M|21\/100
|move|p2a: Aromatisse|Moonblast|p1a: Tornadus
|-damage|p1a: Tornadus|0 fnt
|faint|p1a: Tornadus
|
|-heal|p2a: Aromatisse|93\/100 psn|[from] move: Wish|[wisher] Aromatisse
|-damage|p2a: Aromatisse|81\/100 psn|[from] psn
|upkeep
|choice|switch 5|
|
|switch|p1a: Exeggutor|Exeggutor, L79, F|80\/100
|turn|35
|choice|move psychic|move wish
|
|move|p1a: Exeggutor|Psychic|p2a: Aromatisse
|-damage|p2a: Aromatisse|41\/100 psn
|move|p2a: Aromatisse|Wish|p2a: Aromatisse
|
|-damage|p2a: Aromatisse|29\/100 psn|[from] psn
|-item|p1a: Exeggutor|Sitrus Berry|[from] ability: Harvest
|upkeep
|turn|36
|choice|move psychic|move moonblast
|
|move|p1a: Exeggutor|Psychic|p2a: Aromatisse
|-damage|p2a: Aromatisse|0 fnt
|faint|p2a: Aromatisse
|
|upkeep
|choice||switch 6
|
|switch|p2a: Arceus|Arceus-Grass, L73|57\/100 psn
|turn|37
|choice|move psychic|move icebeam
|
|move|p2a: Arceus|Ice Beam|p1a: Exeggutor
|-supereffective|p1a: Exeggutor
|-damage|p1a: Exeggutor|28\/100
|-enditem|p1a: Exeggutor|Sitrus Berry|[eat]
|-heal|p1a: Exeggutor|53\/100|[from] item: Sitrus Berry
|move|p1a: Exeggutor|Psychic|p2a: Arceus
|-damage|p2a: Arceus|27\/100 psn
|-unboost|p2a: Arceus|spd|1
|
|-damage|p2a: Arceus|14\/100 psn|[from] psn
|upkeep
|turn|38
|choice|switch 6|move icebeam
|
|switch|p1a: Alomomola|Alomomola, L77, F|100\/100
|move|p2a: Arceus|Ice Beam|p1a: Alomomola
|-resisted|p1a: Alomomola
|-damage|p1a: Alomomola|88\/100
|
|-heal|p1a: Alomomola|94\/100|[from] item: Leftovers
|-damage|p2a: Arceus|2\/100 psn|[from] psn
|upkeep
|turn|39
|choice|move protect|move judgment
|
|move|p1a: Alomomola|Protect|p1a: Alomomola
|-singleturn|p1a: Alomomola|Protect
|move|p2a: Arceus|Judgment|p1a: Alomomola
|-activate|p1a: Alomomola|move: Protect
|
|-heal|p1a: Alomomola|99\/100|[from] item: Leftovers
|-damage|p2a: Arceus|0 fnt|[from] psn
|upkeep
|faint|p2a: Arceus
|choice||switch 5
|
|switch|p2a: Decidueye|Decidueye, L77, M|16\/100 psn
|turn|40
|choice|move knockoff|move roost
|
|move|p2a: Decidueye|Roost|p2a: Decidueye
|-heal|p2a: Decidueye|66\/100 psn
|move|p1a: Alomomola|Knock Off|p2a: Decidueye
|-supereffective|p2a: Decidueye
|-crit|p2a: Decidueye
|-damage|p2a: Decidueye|1\/100 psn
|-enditem|p2a: Decidueye|Leftovers|[from] move: Knock Off|[of] p1a: Alomomola
|
|-heal|p1a: Alomomola|100\/100|[from] item: Leftovers
|-damage|p2a: Decidueye|0 fnt|[from] psn
|upkeep
|faint|p2a: Decidueye
|
|win|luxray1000000
|l|Noob6921
|raw|luxray1000000's rating: 1295 &rarr; <strong>1326<\/strong><br \/>(+31 for winning)
|raw|Noob6921's rating: 1379 &rarr; <strong>1355<\/strong><br \/>(-24 for losing)</script>
</div>
<div class="battle-log battle-log-inline"><div class="inner"><div class="chat"><small>luxray1000000 joined.</small></div><div class="chat"><small>Noob6921 joined.</small></div><div style="padding:5px 0"><small>Format:</small> <br><strong>[Gen 7] Random Battle</strong></div><div class="rated"><strong>Rated battle</strong></div><div><small><em>Sleep Clause Mod:</em> Limit one foe put to sleep</small></div><div><small><em>HP Percentage Mod:</em> HP is shown in percentages</small></div><div>Battle between luxray1000000 and Noob6921 started!</div><div class="spacer"></div><div>Go! Slowking!</div><div class="spacer"></div><div>Noob6921 sent out Aromatisse!</div><h2>Turn 1</h2><div class="spacer"></div><div>Noob6921 withdrew Aromatisse!</div><div class="spacer"></div><div>Noob6921 sent out Electivire!</div><div class="spacer"></div><div><span class="battle-nickname" title="Slowking">Slowking</span> used <strong>Nasty Plot</strong>!</div><div><small><span class="battle-nickname" title="Slowking">Slowking</span>'s Special Attack rose sharply! </small></div><h2>Turn 2</h2><div class="spacer"></div><div><span class="battle-nickname" title="Slowking">Slowking</span>, come back!</div><div class="spacer"></div><div>Go! Mamoswine!</div><div class="spacer"></div><div>The opposing <span class="battle-nickname-foe" title="Electivire">Electivire</span> used <strong>Volt Switch</strong>!</div><div><small>It doesn't affect <span class="battle-nickname" title="Mamoswine">Mamoswine</span>... </small></div><h2>Turn 3</h2><div class="chat message-error">Battle timer is ON: inactive players will automatically lose when time's up. (requested by luxray1000000)</div><div class="spacer"></div><div>The opposing <span class="battle-nickname-foe" title="Electivire">Electivire</span> went back to Noob6921!</div><div class="spacer"></div><div>Noob6921 sent out <span class="battle-nickname-foe" title="Arceus-Grass">Arceus <small>(Arceus-Grass)</small></span>!</div><div class="spacer"></div><div><span class="battle-nickname" title="Mamoswine">Mamoswine</span> used <strong>Knock Off</strong>!</div><div><small>The opposing <span class="battle-nickname-foe" title="Arceus-Grass">Arceus</span> lost 18% of its health!</small><br></div><div><small><span class="battle-nickname" title="Mamoswine">Mamoswine</span> lost some of its HP!</small></div><h2>Turn 4</h2><div class="spacer"></div><div>Noob6921 withdrew <span class="battle-nickname-foe" title="Arceus-Grass">Arceus <small>(Arceus-Grass)</small></span>!</div><div class="spacer"></div><div>Noob6921 sent out <span class="battle-nickname-foe" title="Lycanroc-Midnight">Lycanroc <small>(Lycanroc-Midnight)</small></span>!</div><div class="spacer"></div><div><span class="battle-nickname" title="Mamoswine">Mamoswine</span> used <strong>Icicle Crash</strong>!</div><div><small>A critical hit! </small><small>The opposing <span class="battle-nickname-foe" title="Lycanroc-Midnight">Lycanroc</span> lost 78% of its health!</small><br></div><div><small><span class="battle-nickname" title="Mamoswine">Mamoswine</span> lost some of its HP!</small></div><h2>Turn 5</h2><div class="spacer"></div><div>The opposing <span class="battle-nickname-foe" title="Lycanroc-Midnight">Lycanroc</span> used <strong>Stone Edge</strong>!</div><div><small>A critical hit! </small><small><span class="battle-nickname" title="Mamoswine">Mamoswine</span> lost 81% of its health!</small><br></div><div><small>The opposing <span class="battle-nickname-foe" title="Lycanroc-Midnight">Lycanroc</span> lost some of its HP!</small></div><div class="spacer"></div><div><span class="battle-nickname" title="Mamoswine">Mamoswine</span> fainted!</div><div class="spacer"></div><div>Go! Tornadus!</div><h2>Turn 6</h2><div class="spacer"></div><div><span class="battle-nickname" title="Tornadus">Tornadus</span> used <strong>Knock Off</strong>!</div><div><small>The opposing <span class="battle-nickname-foe" title="Lycanroc-Midnight">Lycanroc</span> lost 12% of its health!</small><br></div><div><small><span class="battle-nickname" title="Tornadus">Tornadus</span> knocked off the opposing <span class="battle-nickname-foe" title="Lycanroc-Midnight">Lycanroc</span>'s Life Orb!</small></div><div><small><span class="battle-nickname" title="Tornadus">Tornadus</span> lost some of its HP!</small></div><div class="spacer"></div><div>The opposing <span class="battle-nickname-foe" title="Lycanroc-Midnight">Lycanroc</span> fainted!</div><div class="spacer"></div><div>Noob6921 sent out Electivire!</div><h2>Turn 7</h2><div class="spacer"></div><div><span class="battle-nickname" title="Tornadus">Tornadus</span> used <strong>U-turn</strong>!</div><div><small>The opposing <span class="battle-nickname-foe" title="Electivire">Electivire</span> lost 35% of its health!</small><br></div><div><small><span class="battle-nickname" title="Tornadus">Tornadus</span> lost some of its HP!</small></div><div class="spacer"></div><div><span class="battle-nickname" title="Tornadus">Tornadus</span> went back to luxray1000000!</div><div class="spacer"></div><div>Go! Exeggutor!</div><div class="spacer"></div><div>The opposing <span class="battle-nickname-foe" title="Electivire">Electivire</span> used <strong>Volt Switch</strong>!</div><div><small>It's not very effective... </small><small><span class="battle-nickname" title="Exeggutor">Exeggutor</span> lost 13% of its health!</small><br></div><div class="spacer"></div><div>The opposing <span class="battle-nickname-foe" title="Electivire">Electivire</span> went back to Noob6921!</div><div class="spacer"></div><div>Noob6921 sent out Metagross!</div><h2>Turn 8</h2><div class="spacer"></div><div><small>The opposing <span class="battle-nickname-foe" title="Metagross-Mega">Metagross</span>'s Metagrossite is reacting to Noob6921's Mega Bracelet!<br>The opposing <span class="battle-nickname-foe" title="Metagross-Mega">Metagross</span> has Mega Evolved into Mega Metagross!</small></div><div class="spacer"></div><div>The opposing <span class="battle-nickname-foe" title="Metagross-Mega">Metagross</span> used <strong>Agility</strong>!</div><div><small>The opposing <span class="battle-nickname-foe" title="Metagross-Mega">Metagross</span>'s Speed rose sharply! </small></div><div class="spacer"></div><div><span class="battle-nickname" title="Exeggutor">Exeggutor</span> used <strong>Leech Seed</strong>!</div><div><small>The opposing <span class="battle-nickname-foe" title="Metagross-Mega">Metagross</span> was seeded!</small></div><div class="spacer"></div><div><small>The opposing <span class="battle-nickname-foe" title="Metagross-Mega">Metagross</span>'s health is sapped by Leech Seed!</small></div><h2>Turn 9</h2><div class="spacer"></div><div><span class="battle-nickname" title="Exeggutor">Exeggutor</span>, come back!</div><div class="spacer"></div><div>Go! Slowking!</div><div class="spacer"></div><div>The opposing <span class="battle-nickname-foe" title="Metagross-Mega">Metagross</span> used <strong>Ice Punch</strong>!</div><div><small>It's not very effective... </small><small><span class="battle-nickname" title="Slowking">Slowking</span> lost 16% of its health!</small><br></div><div class="spacer"></div><div><small><span class="battle-nickname" title="Slowking">Slowking</span> restored a little HP using its Leftovers!</small></div><div><small>The opposing <span class="battle-nickname-foe" title="Metagross-Mega">Metagross</span>'s health is sapped by Leech Seed!</small></div><h2>Turn 10</h2><div class="spacer"></div><div>Noob6921 withdrew <span class="battle-nickname-foe" title="Metagross-Mega">Metagross <small>(Metagross-Mega)</small></span>!</div><div class="spacer"></div><div>Noob6921 sent out Electivire!</div><div class="spacer"></div><div><span class="battle-nickname" title="Slowking">Slowking</span> used <strong>Psyshock</strong>!</div><div><small>A critical hit! </small><small>The opposing <span class="battle-nickname-foe" title="Electivire">Electivire</span> lost 63% of its health!</small><br></div><h2>Turn 11</h2><div class="spacer"></div><div><span class="battle-nickname" title="Slowking">Slowking</span>, come back!</div><div class="spacer"></div><div>Go! Exeggutor!</div><div class="spacer"></div><div>The opposing <span class="battle-nickname-foe" title="Electivire">Electivire</span> used <strong>Volt Switch</strong>!</div><div><small>It's not very effective... </small><small><span class="battle-nickname" title="Exeggutor">Exeggutor</span> lost 14% of its health!</small><br></div><div class="spacer"></div><div>The opposing <span class="battle-nickname-foe" title="Electivire">Electivire</span> went back to Noob6921!</div><div class="spacer"></div><div>Noob6921 sent out <span class="battle-nickname-foe" title="Metagross-Mega">Metagross <small>(Metagross-Mega)</small></span>!</div><h2>Turn 12</h2><div class="spacer"></div><div>The opposing <span class="battle-nickname-foe" title="Metagross-Mega">Metagross</span> used <strong>Meteor Mash</strong>!</div><div><small><span class="battle-nickname" title="Exeggutor">Exeggutor</span> lost 55% of its health!</small><br></div><div><small><span class="battle-nickname" title="Exeggutor">Exeggutor</span> ate its Sitrus Berry!</small></div><div><small><span class="battle-nickname" title="Exeggutor">Exeggutor</span> restored HP using its Sitrus Berry!</small></div><div class="spacer"></div><div><span class="battle-nickname" title="Exeggutor">Exeggutor</span> used <strong>Leech Seed</strong>!</div><div><small>The opposing <span class="battle-nickname-foe" title="Metagross-Mega">Metagross</span> was seeded!</small></div><div class="spacer"></div><div><small>The opposing <span class="battle-nickname-foe" title="Metagross-Mega">Metagross</span>'s health is sapped by Leech Seed!</small></div><h2>Turn 13</h2><div class="spacer"></div><div>Noob6921 withdrew <span class="battle-nickname-foe" title="Metagross-Mega">Metagross <small>(Metagross-Mega)</small></span>!</div><div class="spacer"></div><div>Noob6921 sent out <span class="battle-nickname-foe" title="Arceus-Grass">Arceus <small>(Arceus-Grass)</small></span>!</div><div class="spacer"></div><div><span class="battle-nickname" title="Exeggutor">Exeggutor</span>, come back!</div><div class="spacer"></div><div>Go! Slowking!</div><h2>Turn 14</h2><div class="spacer"></div><div><span class="battle-nickname" title="Slowking">Slowking</span>, come back!</div><div class="spacer"></div><div>Go! Garbodor!</div><div class="spacer"></div><div>The opposing <span class="battle-nickname-foe" title="Arceus-Grass">Arceus</span> used <strong>Judgment</strong>!</div><div><small>It's not very effective... </small><small><span class="battle-nickname" title="Garbodor">Garbodor</span> lost 25% of its health!</small><br></div><div class="spacer"></div><div><small><span class="battle-nickname" title="Garbodor">Garbodor</span> restored a little HP using its Black Sludge!</small></div><h2>Turn 15</h2><div class="spacer"></div><div>Noob6921 withdrew <span class="battle-nickname-foe" title="Arceus-Grass">Arceus <small>(Arceus-Grass)</small></span>!</div><div class="spacer"></div><div>Noob6921 sent out <span class="battle-nickname-foe" title="Metagross-Mega">Metagross <small>(Metagross-Mega)</small></span>!</div><div class="spacer"></div><div><span class="battle-nickname" title="Garbodor">Garbodor</span> used <strong>Toxic</strong>!</div><div><small>It doesn't affect the opposing <span class="battle-nickname-foe" title="Metagross-Mega">Metagross</span>... </small></div><div class="spacer"></div><div><small><span class="battle-nickname" title="Garbodor">Garbodor</span> restored a little HP using its Black Sludge!</small></div><h2>Turn 16</h2><div class="spacer"></div><div>The opposing <span class="battle-nickname-foe" title="Metagross-Mega">Metagross</span> used <strong>Agility</strong>!</div><div><small>The opposing <span class="battle-nickname-foe" title="Metagross-Mega">Metagross</span>'s Speed rose sharply! </small></div><div class="spacer"></div><div><span class="battle-nickname" title="Garbodor">Garbodor</span> used <strong>Toxic Spikes</strong>!</div><div><small>Poison spikes were scattered on the ground all around the opposing team!</small></div><div class="spacer"></div><div><small><span class="battle-nickname" title="Garbodor">Garbodor</span> restored a little HP using its Black Sludge!</small></div><h2>Turn 17</h2><div class="spacer"></div><div><span class="battle-nickname" title="Garbodor">Garbodor</span>, come back!</div><div class="spacer"></div><div>Go! Slowking!</div><div class="spacer"></div><div>The opposing <span class="battle-nickname-foe" title="Metagross-Mega">Metagross</span> used <strong>Meteor Mash</strong>!</div><div><small>It's not very effective... </small><small><span class="battle-nickname" title="Slowking">Slowking</span> lost 30% of its health!</small><br></div><div class="spacer"></div><div><small><span class="battle-nickname" title="Slowking">Slowking</span> restored a little HP using its Leftovers!</small></div><h2>Turn 18</h2><div class="spacer"></div><div>The opposing <span class="battle-nickname-foe" title="Metagross-Mega">Metagross</span> used <strong>Meteor Mash</strong>!</div><div><small>It's not very effective... </small><small><span class="battle-nickname" title="Slowking">Slowking</span> lost 29% of its health!</small><br></div><div class="spacer"></div><div><span class="battle-nickname" title="Slowking">Slowking</span> used <strong>Psyshock</strong>!</div><div><small>It's not very effective... </small><small>The opposing <span class="battle-nickname-foe" title="Metagross-Mega">Metagross</span> lost 7% of its health!</small><br></div><div class="spacer"></div><div><small><span class="battle-nickname" title="Slowking">Slowking</span> restored a little HP using its Leftovers!</small></div><h2>Turn 19</h2><div class="spacer"></div><div>The opposing <span class="battle-nickname-foe" title="Metagross-Mega">Metagross</span> used <strong>Meteor Mash</strong>!</div><div><small>It's not very effective... </small><small><span class="battle-nickname" title="Slowking">Slowking</span> lost 30% of its health!</small><br></div><div class="spacer"></div><div><span class="battle-nickname" title="Slowking">Slowking</span> used <strong>Nasty Plot</strong>!</div><div><small><span class="battle-nickname" title="Slowking">Slowking</span>'s Special Attack rose sharply! </small></div><div class="spacer"></div><div><small><span class="battle-nickname" title="Slowking">Slowking</span> restored a little HP using its Leftovers!</small></div><h2>Turn 20</h2><div class="spacer"></div><div>The opposing <span class="battle-nickname-foe" title="Metagross-Mega">Metagross</span> used <strong>Meteor Mash</strong>!</div><div><small>It's not very effective... </small><small><span class="battle-nickname" title="Slowking">Slowking</span> lost 28% of its health!</small><br></div><div><small>The opposing <span class="battle-nickname-foe" title="Metagross-Mega">Metagross</span>'s Attack rose! </small></div><div class="spacer"></div><div><span class="battle-nickname" title="Slowking">Slowking</span> fainted!</div><div class="spacer"></div><div>Go! Alomomola!</div><h2>Turn 21</h2><div class="spacer"></div><div>The opposing <span class="battle-nickname-foe" title="Metagross-Mega">Metagross</span> used <strong>Meteor Mash</strong>!</div><div><small>It's not very effective... </small><small><span class="battle-nickname" title="Alomomola">Alomomola</span> lost 33% of its health!</small><br></div><div class="spacer"></div><div><span class="battle-nickname" title="Alomomola">Alomomola</span> used <strong>Knock Off</strong>!</div><div><small>It's super effective! </small><small>The opposing <span class="battle-nickname-foe" title="Metagross-Mega">Metagross</span> lost 17% of its health!</small><br></div><div class="spacer"></div><div><small><span class="battle-nickname" title="Alomomola">Alomomola</span> restored a little HP using its Leftovers!</small></div><h2>Turn 22</h2><div class="spacer"></div><div>The opposing <span class="battle-nickname-foe" title="Metagross-Mega">Metagross</span> used <strong>Meteor Mash</strong>!</div><div><small>It's not very effective... </small><small><span class="battle-nickname" title="Alomomola">Alomomola</span> lost 29% of its health!</small><br></div><div class="spacer"></div><div><span class="battle-nickname" title="Alomomola">Alomomola</span> used <strong>Wish</strong>!</div><div class="spacer"></div><div><small><span class="battle-nickname" title="Alomomola">Alomomola</span> restored a little HP using its Leftovers!</small></div><h2>Turn 23</h2><div class="spacer"></div><div>The opposing <span class="battle-nickname-foe" title="Metagross-Mega">Metagross</span> used <strong>Meteor Mash</strong>!</div><div><small>It's not very effective... </small><small><span class="battle-nickname" title="Alomomola">Alomomola</span> lost 34% of its health!</small><br></div><div class="spacer"></div><div><span class="battle-nickname" title="Alomomola">Alomomola</span> used <strong>Scald</strong>!</div><div><small>The opposing <span class="battle-nickname-foe" title="Metagross-Mega">Metagross</span> lost 14% of its health!</small><br></div><div class="spacer"></div><div><small>Alomomola's wish came true!</small></div><div><small><span class="battle-nickname" title="Alomomola">Alomomola</span> restored a little HP using its Leftovers!</small></div><h2>Turn 24</h2><div class="spacer"></div><div>Noob6921 withdrew <span class="battle-nickname-foe" title="Metagross-Mega">Metagross <small>(Metagross-Mega)</small></span>!</div><div class="spacer"></div><div>Noob6921 sent out <span class="battle-nickname-foe" title="Arceus-Grass">Arceus <small>(Arceus-Grass)</small></span>!</div><div><small>The opposing <span class="battle-nickname-foe" title="Arceus-Grass">Arceus</span> was poisoned!</small></div><div class="spacer"></div><div><span class="battle-nickname" title="Alomomola">Alomomola</span> used <strong>Wish</strong>!</div><div class="spacer"></div><div><small><span class="battle-nickname" title="Alomomola">Alomomola</span> restored a little HP using its Leftovers!</small></div><div><small>The opposing <span class="battle-nickname-foe" title="Arceus-Grass">Arceus</span> was hurt by poison!</small></div><h2>Turn 25</h2><div class="spacer"></div><div><span class="battle-nickname" title="Alomomola">Alomomola</span>, come back!</div><div class="spacer"></div><div>Go! Exeggutor!</div><div class="spacer"></div><div>The opposing <span class="battle-nickname-foe" title="Arceus-Grass">Arceus</span> used <strong>Ice Beam</strong>!</div><div><small>It's super effective! </small><small><span class="battle-nickname" title="Exeggutor">Exeggutor</span> lost 53% of its health!</small><br></div><div class="spacer"></div><div><small>Alomomola's wish came true!</small></div><div><small>The opposing <span class="battle-nickname-foe" title="Arceus-Grass">Arceus</span> was hurt by poison!</small></div><h2>Turn 26</h2><div class="spacer"></div><div>Noob6921 withdrew <span class="battle-nickname-foe" title="Arceus-Grass">Arceus <small>(Arceus-Grass)</small></span>!</div><div class="spacer"></div><div>Noob6921 sent out Electivire!</div><div><small>The opposing <span class="battle-nickname-foe" title="Electivire">Electivire</span> was poisoned!</small></div><div class="spacer"></div><div><span class="battle-nickname" title="Exeggutor">Exeggutor</span> used <strong>Leech Seed</strong>!</div><div><small>The opposing <span class="battle-nickname-foe" title="Electivire">Electivire</span> was seeded!</small></div><div class="spacer"></div><div><small>The opposing <span class="battle-nickname-foe" title="Electivire">Electivire</span>'s health is sapped by Leech Seed!</small></div><div class="spacer"></div><div>The opposing <span class="battle-nickname-foe" title="Electivire">Electivire</span> fainted!</div><div class="spacer"></div><div>Noob6921 sent out Decidueye!</div><div><small>The opposing <span class="battle-nickname-foe" title="Decidueye">Decidueye</span> was poisoned!</small></div><h2>Turn 27</h2><div class="spacer"></div><div>The opposing <span class="battle-nickname-foe" title="Decidueye">Decidueye</span> used <strong>Swords Dance</strong>!</div><div><small>The opposing <span class="battle-nickname-foe" title="Decidueye">Decidueye</span>'s Attack rose sharply! </small></div><div class="spacer"></div><div><span class="battle-nickname" title="Exeggutor">Exeggutor</span> used <strong>Leech Seed</strong>!</div><div><small>It doesn't affect the opposing <span class="battle-nickname-foe" title="Decidueye">Decidueye</span>... </small></div><div class="spacer"></div><div><small>The opposing <span class="battle-nickname-foe" title="Decidueye">Decidueye</span> was hurt by poison!</small></div><h2>Turn 28</h2><div class="spacer"></div><div><span class="battle-nickname" title="Exeggutor">Exeggutor</span>, come back!</div><div class="spacer"></div><div>Go! Garbodor!</div><div class="spacer"></div><div>The opposing <span class="battle-nickname-foe" title="Decidueye">Decidueye</span> used <strong>Spirit Shackle</strong>!</div><div><small><span class="battle-nickname" title="Garbodor">Garbodor</span> lost 70% of its health!</small><br></div><div><small><span class="battle-nickname" title="Garbodor">Garbodor</span> can no longer escape!</small></div><div class="spacer"></div><div><small><span class="battle-nickname" title="Garbodor">Garbodor</span> restored a little HP using its Black Sludge!</small></div><div><small>The opposing <span class="battle-nickname-foe" title="Decidueye">Decidueye</span> restored a little HP using its Leftovers!</small></div><div><small>The opposing <span class="battle-nickname-foe" title="Decidueye">Decidueye</span> was hurt by poison!</small></div><h2>Turn 29</h2><div class="spacer"></div><div><span class="battle-nickname" title="Garbodor">Garbodor</span> used <strong>Gunk Shot</strong>!</div><div><small>The opposing <span class="battle-nickname-foe" title="Decidueye">Decidueye</span> lost 60% of its health!</small><br></div><div class="spacer"></div><div>The opposing <span class="battle-nickname-foe" title="Decidueye">Decidueye</span> used <strong>Spirit Shackle</strong>!</div><div><small><span class="battle-nickname" title="Garbodor">Garbodor</span> lost 30% of its health!</small><br></div><div class="spacer"></div><div><span class="battle-nickname" title="Garbodor">Garbodor</span> fainted!</div><div class="spacer"></div><div><small>The opposing <span class="battle-nickname-foe" title="Decidueye">Decidueye</span> restored a little HP using its Leftovers!</small></div><div><small>The opposing <span class="battle-nickname-foe" title="Decidueye">Decidueye</span> was hurt by poison!</small></div><div class="spacer"></div><div>Go! Tornadus!</div><h2>Turn 30</h2><div class="spacer"></div><div>Noob6921 withdrew Decidueye!</div><div class="spacer"></div><div>Noob6921 sent out <span class="battle-nickname-foe" title="Metagross-Mega">Metagross <small>(Metagross-Mega)</small></span>!</div><div class="spacer"></div><div><span class="battle-nickname" title="Tornadus">Tornadus</span> used <strong>Knock Off</strong>!</div><div><small>It's super effective! </small><small>The opposing <span class="battle-nickname-foe" title="Metagross-Mega">Metagross</span> lost 25% of its health!</small><br></div><div><small><span class="battle-nickname" title="Tornadus">Tornadus</span> lost some of its HP!</small></div><div class="spacer"></div><div>The opposing <span class="battle-nickname-foe" title="Metagross-Mega">Metagross</span> fainted!</div><div class="spacer"></div><div>Noob6921 sent out Aromatisse!</div><div><small>The opposing <span class="battle-nickname-foe" title="Aromatisse">Aromatisse</span> was poisoned!</small></div><h2>Turn 31</h2><div class="spacer"></div><div><span class="battle-nickname" title="Tornadus">Tornadus</span> used <strong>Knock Off</strong>!</div><div><small>It's not very effective... </small><small>The opposing <span class="battle-nickname-foe" title="Aromatisse">Aromatisse</span> lost 19% of its health!</small><br></div><div><small><span class="battle-nickname" title="Tornadus">Tornadus</span> knocked off the opposing <span class="battle-nickname-foe" title="Aromatisse">Aromatisse</span>'s Light Clay!</small></div><div><small><span class="battle-nickname" title="Tornadus">Tornadus</span> lost some of its HP!</small></div><div class="spacer"></div><div>The opposing <span class="battle-nickname-foe" title="Aromatisse">Aromatisse</span> used <strong>Moonblast</strong>!</div><div><small><span class="battle-nickname" title="Tornadus">Tornadus</span> lost 40% of its health!</small><br></div><div class="spacer"></div><div><small>The opposing <span class="battle-nickname-foe" title="Aromatisse">Aromatisse</span> was hurt by poison!</small></div><h2>Turn 32</h2><div class="spacer"></div><div><span class="battle-nickname" title="Tornadus">Tornadus</span>, come back!</div><div class="spacer"></div><div>Go! Alomomola!</div><div class="spacer"></div><div>The opposing <span class="battle-nickname-foe" title="Aromatisse">Aromatisse</span> used <strong>Moonblast</strong>!</div><div><small><span class="battle-nickname" title="Alomomola">Alomomola</span> lost 41% of its health!</small><br></div><div class="spacer"></div><div><small><span class="battle-nickname" title="Alomomola">Alomomola</span> restored a little HP using its Leftovers!</small></div><div><small>The opposing <span class="battle-nickname-foe" title="Aromatisse">Aromatisse</span> was hurt by poison!</small></div><h2>Turn 33</h2><div class="spacer"></div><div><span class="battle-nickname" title="Alomomola">Alomomola</span> used <strong>Protect</strong>!</div><div><small><span class="battle-nickname" title="Alomomola">Alomomola</span> protected itself!</small></div><div class="spacer"></div><div>The opposing <span class="battle-nickname-foe" title="Aromatisse">Aromatisse</span> used <strong>Wish</strong>!</div><div class="spacer"></div><div><small><span class="battle-nickname" title="Alomomola">Alomomola</span> restored a little HP using its Leftovers!</small></div><div><small>The opposing <span class="battle-nickname-foe" title="Aromatisse">Aromatisse</span> was hurt by poison!</small></div><h2>Turn 34</h2><div class="spacer"></div><div><span class="battle-nickname" title="Alomomola">Alomomola</span>, come back!</div><div class="spacer"></div><div>Go! Tornadus!</div><div class="spacer"></div><div>The opposing <span class="battle-nickname-foe" title="Aromatisse">Aromatisse</span> used <strong>Moonblast</strong>!</div><div><small><span class="battle-nickname" title="Tornadus">Tornadus</span> lost 21% of its health!</small><br></div><div class="spacer"></div><div><span class="battle-nickname" title="Tornadus">Tornadus</span> fainted!</div><div class="spacer"></div><div><small>Aromatisse's wish came true!</small></div><div><small>The opposing <span class="battle-nickname-foe" title="Aromatisse">Aromatisse</span> was hurt by poison!</small></div><div class="spacer"></div><div>Go! Exeggutor!</div><h2>Turn 35</h2><div class="spacer"></div><div><span class="battle-nickname" title="Exeggutor">Exeggutor</span> used <strong>Psychic</strong>!</div><div><small>The opposing <span class="battle-nickname-foe" title="Aromatisse">Aromatisse</span> lost 40% of its health!</small><br></div><div class="spacer"></div><div>The opposing <span class="battle-nickname-foe" title="Aromatisse">Aromatisse</span> used <strong>Wish</strong>!</div><div class="spacer"></div><div><small>The opposing <span class="battle-nickname-foe" title="Aromatisse">Aromatisse</span> was hurt by poison!</small></div><div><small>[<span class="battle-nickname" title="Exeggutor">Exeggutor</span>'s Harvest!]</small></div><div><small><span class="battle-nickname" title="Exeggutor">Exeggutor</span> harvested one Sitrus Berry!</small></div><h2>Turn 36</h2><div class="spacer"></div><div><span class="battle-nickname" title="Exeggutor">Exeggutor</span> used <strong>Psychic</strong>!</div><div><small>The opposing <span class="battle-nickname-foe" title="Aromatisse">Aromatisse</span> lost 28% of its health!</small><br></div><div class="spacer"></div><div>The opposing <span class="battle-nickname-foe" title="Aromatisse">Aromatisse</span> fainted!</div><div class="spacer"></div><div>Noob6921 sent out <span class="battle-nickname-foe" title="Arceus-Grass">Arceus <small>(Arceus-Grass)</small></span>!</div><h2>Turn 37</h2><div class="spacer"></div><div>The opposing <span class="battle-nickname-foe" title="Arceus-Grass">Arceus</span> used <strong>Ice Beam</strong>!</div><div><small>It's super effective! </small><small><span class="battle-nickname" title="Exeggutor">Exeggutor</span> lost 52% of its health!</small><br></div><div><small><span class="battle-nickname" title="Exeggutor">Exeggutor</span> ate its Sitrus Berry!</small></div><div><small><span class="battle-nickname" title="Exeggutor">Exeggutor</span> restored HP using its Sitrus Berry!</small></div><div class="spacer"></div><div><span class="battle-nickname" title="Exeggutor">Exeggutor</span> used <strong>Psychic</strong>!</div><div><small>The opposing <span class="battle-nickname-foe" title="Arceus-Grass">Arceus</span> lost 29% of its health!</small><br></div><div><small>The opposing <span class="battle-nickname-foe" title="Arceus-Grass">Arceus</span>'s Special Defense fell! </small></div><div class="spacer"></div><div><small>The opposing <span class="battle-nickname-foe" title="Arceus-Grass">Arceus</span> was hurt by poison!</small></div><h2>Turn 38</h2><div class="spacer"></div><div><span class="battle-nickname" title="Exeggutor">Exeggutor</span>, come back!</div><div class="spacer"></div><div>Go! Alomomola!</div><div class="spacer"></div><div>The opposing <span class="battle-nickname-foe" title="Arceus-Grass">Arceus</span> used <strong>Ice Beam</strong>!</div><div><small>It's not very effective... </small><small><span class="battle-nickname" title="Alomomola">Alomomola</span> lost 12% of its health!</small><br></div><div class="spacer"></div><div><small><span class="battle-nickname" title="Alomomola">Alomomola</span> restored a little HP using its Leftovers!</small></div><div><small>The opposing <span class="battle-nickname-foe" title="Arceus-Grass">Arceus</span> was hurt by poison!</small></div><h2>Turn 39</h2><div class="spacer"></div><div><span class="battle-nickname" title="Alomomola">Alomomola</span> used <strong>Protect</strong>!</div><div><small><span class="battle-nickname" title="Alomomola">Alomomola</span> protected itself!</small></div><div class="spacer"></div><div>The opposing <span class="battle-nickname-foe" title="Arceus-Grass">Arceus</span> used <strong>Judgment</strong>!</div><div><small><span class="battle-nickname" title="Alomomola">Alomomola</span> protected itself!</small></div><div class="spacer"></div><div><small><span class="battle-nickname" title="Alomomola">Alomomola</span> restored a little HP using its Leftovers!</small></div><div><small>The opposing <span class="battle-nickname-foe" title="Arceus-Grass">Arceus</span> was hurt by poison!</small></div><div class="spacer"></div><div>The opposing <span class="battle-nickname-foe" title="Arceus-Grass">Arceus</span> fainted!</div><div class="spacer"></div><div>Noob6921 sent out Decidueye!</div><h2>Turn 40</h2><div class="spacer"></div><div>The opposing <span class="battle-nickname-foe" title="Decidueye">Decidueye</span> used <strong>Roost</strong>!</div><div><small>The opposing <span class="battle-nickname-foe" title="Decidueye">Decidueye</span> restored its HP.</small></div><div class="spacer"></div><div><span class="battle-nickname" title="Alomomola">Alomomola</span> used <strong>Knock Off</strong>!</div><div><small>It's super effective! A critical hit! </small><small>The opposing <span class="battle-nickname-foe" title="Decidueye">Decidueye</span> lost 65% of its health!</small><br></div><div><small><span class="battle-nickname" title="Alomomola">Alomomola</span> knocked off the opposing <span class="battle-nickname-foe" title="Decidueye">Decidueye</span>'s Leftovers!</small></div><div class="spacer"></div><div><small><span class="battle-nickname" title="Alomomola">Alomomola</span> restored a little HP using its Leftovers!</small></div><div><small>The opposing <span class="battle-nickname-foe" title="Decidueye">Decidueye</span> was hurt by poison!</small></div><div class="spacer"></div><div>The opposing <span class="battle-nickname-foe" title="Decidueye">Decidueye</span> fainted!</div><div class="spacer"></div><div>luxray1000000 won the battle!</div><div class="chat"><small>Noob6921 left.</small></div><div class="chat">luxray1000000's rating: 1295 → <strong>1326</strong><br>(+31 for winning)</div><div class="chat">Noob6921's rating: 1379 → <strong>1355</strong><br>(-24 for losing)</div></div></div>
</div>
<script>
var daily = Math.floor(Date.now()/1000/60/60/24);document.write('<script src="https://play.pokemonshowdown.com/js/replay-embed.js?version'+daily+'"></'+'script>');
</script>
