<!DOCTYPE html>
<meta charset="utf-8" />
<!-- version 1 -->
<title>[Gen 7] Random Battle replay: Juicepsticles vs. luckyducklett88</title>
<style>
html,body {font-family:Verdana, sans-serif;font-size:10pt;margin:0;padding:0;}body{padding:12px 0;} .battle-log {font-family:Verdana, sans-serif;font-size:10pt;} .battle-log-inline {border:1px solid #AAAAAA;background:#EEF2F5;color:black;max-width:640px;margin:0 auto 80px;padding-bottom:5px;} .battle-log .inner {padding:4px 8px 0px 8px;} .battle-log .inner-preempt {padding:0 8px 4px 8px;} .battle-log .inner-after {margin-top:0.5em;} .battle-log h2 {margin:0.5em -8px;padding:4px 8px;border:1px solid #AAAAAA;background:#E0E7EA;border-left:0;border-right:0;font-family:Verdana, sans-serif;font-size:13pt;} .battle-log .chat {vertical-align:middle;padding:3px 0 3px 0;font-size:8pt;} .battle-log .chat strong {color:#40576A;} .battle-log .chat em {padding:1px 4px 1px 3px;color:#000000;font-style:normal;} .chat.mine {background:rgba(0,0,0,0.05);margin-left:-8px;margin-right:-8px;padding-left:8px;padding-right:8px;} .spoiler {color:#BBBBBB;background:#BBBBBB;padding:0px 3px;} .spoiler:hover, .spoiler:active, .spoiler-shown {color:#000000;background:#E2E2E2;padding:0px 3px;} .spoiler a {color:#BBBBBB;} .spoiler:hover a, .spoiler:active a, .spoiler-shown a {color:#2288CC;} .chat code, .chat .spoiler:hover code, .chat .spoiler:active code, .chat .spoiler-shown code {border:1px solid #C0C0C0;background:#EEEEEE;color:black;padding:0 2px;} .chat .spoiler code {border:1px solid #CCCCCC;background:#CCCCCC;color:#CCCCCC;} .battle-log .rated {padding:3px 4px;} .battle-log .rated strong {color:white;background:#89A;padding:1px 4px;border-radius:4px;} .spacer {margin-top:0.5em;} .message-announce {background:#6688AA;color:white;padding:1px 4px 2px;} .message-announce a, .broadcast-green a, .broadcast-blue a, .broadcast-red a {color:#DDEEFF;} .broadcast-green {background-color:#559955;color:white;padding:2px 4px;} .broadcast-blue {background-color:#6688AA;color:white;padding:2px 4px;} .infobox {border:1px solid #6688AA;padding:2px 4px;} .infobox-limited {max-height:200px;overflow:auto;overflow-x:hidden;} .broadcast-red {background-color:#AA5544;color:white;padding:2px 4px;} .message-learn-canlearn {font-weight:bold;color:#228822;text-decoration:underline;} .message-learn-cannotlearn {font-weight:bold;color:#CC2222;text-decoration:underline;} .message-effect-weak {font-weight:bold;color:#CC2222;} .message-effect-resist {font-weight:bold;color:#6688AA;} .message-effect-immune {font-weight:bold;color:#666666;} .message-learn-list {margin-top:0;margin-bottom:0;} .message-throttle-notice, .message-error {color:#992222;} .message-overflow, .chat small.message-overflow {font-size:0pt;} .message-overflow::before {font-size:9pt;content:'...';} .subtle {color:#3A4A66;}
</style>
<div class="wrapper replay-wrapper" style="max-width:1180px;margin:0 auto">
<input type="hidden" name="replayid" value="gen7randombattle-566893392" />
<div class="battle"></div><div class="battle-log"></div><div class="replay-controls"></div><div class="replay-controls-2"></div>
<h1 style="font-weight:normal;text-align:center"><strong>[Gen 7] Random Battle</strong><br /><a href="http://pokemonshowdown.com/users/juicepsticles" class="subtle" target="_blank">Juicepsticles</a> vs. <a href="http://pokemonshowdown.com/users/luckyducklett88" class="subtle" target="_blank">luckyducklett88</a></h1>
<script type="text/plain" class="battle-log-data">|j|Juicepsticles
|j|luckyducklett88
|player|p1|Juicepsticles|102
|player|p2|luckyducklett88|101
|gametype|singles
|gen|7
|tier|[Gen 7] Random Battle
|rated
|seed|32945,8229,19803,45802,58887,1454,38244,57425,19004,3522,23443,49915
|rule|Sleep Clause Mod: Limit one foe put to sleep
|rule|HP Percentage Mod: HP is shown in percentages
|
|start
|switch|p1a: Muk|Muk-Alola, L75, M|100\/100
|switch|p2a: Pinsir|Pinsir, L75, F|100\/100
|-ability|p2a: Pinsir|Mold Breaker
|turn|1
|choice|move curse|switch 5
|
|switch|p2a: Rotom|Rotom, L79|100\/100
|move|p1a: Muk|Curse|p1a: Muk
|-unboost|p1a: Muk|spe|1
|-boost|p1a: Muk|atk|1
|-boost|p1a: Muk|def|1
|
|upkeep
|turn|2
|choice|move knockoff|move willowisp
|
|move|p2a: Rotom|Will-O-Wisp|p1a: Muk
|-status|p1a: Muk|brn
|move|p1a: Muk|Knock Off|p2a: Rotom
|-supereffective|p2a: Rotom
|-damage|p2a: Rotom|32\/100
|-enditem|p2a: Rotom|Leftovers|[from] move: Knock Off|[of] p1a: Muk
|
|-damage|p1a: Muk|94\/100 brn|[from] brn
|upkeep
|turn|3
|choice|move knockoff|move painsplit
|
|move|p2a: Rotom|Pain Split|p1a: Muk
|-sethp|p1a: Muk|59\/100 brn|p2a: Rotom|79\/100|[from] move: Pain Split
|move|p1a: Muk|Knock Off|p2a: Rotom
|-supereffective|p2a: Rotom
|-damage|p2a: Rotom|28\/100
|
|-heal|p1a: Muk|65\/100 brn|[from] item: Black Sludge
|-damage|p1a: Muk|59\/100 brn|[from] brn
|upkeep
|turn|4
|choice|move curse|move voltswitch
|
|move|p2a: Rotom|Volt Switch|p1a: Muk
|-damage|p1a: Muk|36\/100 brn
|choice||switch 2
|
|switch|p2a: Giratina|Giratina-Origin, L73|100\/100
|move|p1a: Muk|Curse|p1a: Muk
|-unboost|p1a: Muk|spe|1
|-boost|p1a: Muk|atk|1
|-boost|p1a: Muk|def|1
|
|-heal|p1a: Muk|42\/100 brn|[from] item: Black Sludge
|-damage|p1a: Muk|36\/100 brn|[from] brn
|upkeep
|turn|5
|choice|move knockoff|move earthquake
|
|move|p2a: Giratina|Earthquake|p1a: Muk
|-supereffective|p1a: Muk
|-damage|p1a: Muk|8\/100 brn
|move|p1a: Muk|Knock Off|p2a: Giratina
|-supereffective|p2a: Giratina
|-damage|p2a: Giratina|62\/100
|
|-heal|p1a: Muk|14\/100 brn|[from] item: Black Sludge
|-damage|p1a: Muk|8\/100 brn|[from] brn
|upkeep
|turn|6
|choice|move knockoff|move earthquake
|
|move|p2a: Giratina|Earthquake|p1a: Muk
|-supereffective|p1a: Muk
|-damage|p1a: Muk|0 fnt
|faint|p1a: Muk
|
|upkeep
|choice|switch 2|
|
|switch|p1a: Drifblim|Drifblim, L79, M|100\/100
|turn|7
|choice|move willowisp|move dragontail
|
|move|p1a: Drifblim|Will-O-Wisp|p2a: Giratina
|-status|p2a: Giratina|brn
|move|p2a: Giratina|Dragon Tail|p1a: Drifblim|[miss]
|-miss|p2a: Giratina|p1a: Drifblim
|
|-damage|p2a: Giratina|56\/100 brn|[from] brn
|upkeep
|turn|8
|choice|move shadowball|move dragontail
|
|move|p1a: Drifblim|Shadow Ball|p2a: Giratina
|-supereffective|p2a: Giratina
|-crit|p2a: Giratina
|-damage|p2a: Giratina|0 fnt
|faint|p2a: Giratina
|
|upkeep
|choice||switch 3
|
|switch|p2a: Tapu Fini|Tapu Fini, L75|100\/100
|turn|9
|inactive|Battle timer is ON: inactive players will automatically lose when time's up. (requested by luckyducklett88)
|choice|move shadowball|move nastyplot
|
|move|p2a: Tapu Fini|Nasty Plot|p2a: Tapu Fini
|-boost|p2a: Tapu Fini|spa|2
|move|p1a: Drifblim|Shadow Ball|p2a: Tapu Fini
|-resisted|p2a: Tapu Fini
|replace|p2a: Zoroark|Zoroark, L79, M
|-end|p2a: Zoroark|Illusion
|-damage|p2a: Zoroark|78\/100
|
|upkeep
|turn|10
|choice|move acrobatics|move darkpulse
|
|move|p2a: Zoroark|Dark Pulse|p1a: Drifblim
|-supereffective|p1a: Drifblim
|-damage|p1a: Drifblim|0 fnt
|-damage|p2a: Zoroark|68\/100|[from] item: Life Orb
|faint|p1a: Drifblim
|
|upkeep
|choice|switch 3|
|
|switch|p1a: Wormadam|Wormadam, L79, F|100\/100
|turn|11
|choice|move toxic|move flamethrower
|
|move|p2a: Zoroark|Flamethrower|p1a: Wormadam
|-supereffective|p1a: Wormadam
|-crit|p1a: Wormadam
|-damage|p1a: Wormadam|0 fnt
|-damage|p2a: Zoroark|58\/100|[from] item: Life Orb
|faint|p1a: Wormadam
|
|upkeep
|choice|switch 5|
|
|switch|p1a: Dugtrio|Dugtrio, L75, M|100\/100
|turn|12
|choice|move earthquake|move darkpulse
|
|move|p1a: Dugtrio|Earthquake|p2a: Zoroark
|-damage|p2a: Zoroark|4\/100
|move|p2a: Zoroark|Dark Pulse|p1a: Dugtrio
|-enditem|p1a: Dugtrio|Focus Sash
|-damage|p1a: Dugtrio|1\/100
|-damage|p2a: Zoroark|0 fnt|[from] item: Life Orb
|faint|p2a: Zoroark
|
|upkeep
|choice||switch 5
|
|switch|p2a: Pinsir|Pinsir, L75, F|100\/100
|-ability|p2a: Pinsir|Mold Breaker
|turn|13
|choice|move stoneedge|move quickattack mega
|
|detailschange|p2a: Pinsir|Pinsir-Mega, L75, F
|-mega|p2a: Pinsir|Pinsir|Pinsirite
|move|p2a: Pinsir|Quick Attack|p1a: Dugtrio
|-damage|p1a: Dugtrio|0 fnt
|faint|p1a: Dugtrio
|
|upkeep
|choice|switch 6|
|
|switch|p1a: Electivire|Electivire, L79, F|100\/100
|turn|14
|choice|move wildcharge|move closecombat
|
|move|p2a: Pinsir|Close Combat|p1a: Electivire
|-damage|p1a: Electivire|46\/100
|-unboost|p2a: Pinsir|def|1
|-unboost|p2a: Pinsir|spd|1
|move|p1a: Electivire|Wild Charge|p2a: Pinsir
|-supereffective|p2a: Pinsir
|-damage|p2a: Pinsir|0 fnt
|-damage|p1a: Electivire|23\/100|[from] recoil|[of] p2a: Pinsir
|faint|p2a: Pinsir
|
|upkeep
|choice||switch 2
|
|switch|p2a: Rotom|Rotom, L79|28\/100
|turn|15
|choice|move flamethrower|move shadowball
|
|move|p1a: Electivire|Flamethrower|p2a: Rotom
|-damage|p2a: Rotom|0 fnt
|faint|p2a: Rotom
|
|upkeep
|choice||switch 4
|
|switch|p2a: Unown|Unown|100\/100
|turn|16
|choice|move wildcharge|move hiddenpower
|
|move|p1a: Electivire|Wild Charge|p2a: Unown
|-damage|p2a: Unown|47\/100
|-damage|p1a: Electivire|9\/100|[from] recoil|[of] p2a: Unown
|move|p2a: Unown|Hidden Power|p1a: Electivire
|-damage|p1a: Electivire|0 fnt
|faint|p1a: Electivire
|
|upkeep
|choice|switch 4|
|
|switch|p1a: Beautifly|Beautifly, L79, F|100\/100
|turn|17
|choice|move quiverdance|switch 6
|
|switch|p2a: Tapu Fini|Tapu Fini, L75|100\/100
|-fieldstart|move: Misty Terrain|[from] ability: Misty Surge|[of] p2a: Tapu Fini
|move|p1a: Beautifly|Quiver Dance|p1a: Beautifly
|-boost|p1a: Beautifly|spa|1
|-boost|p1a: Beautifly|spd|1
|-boost|p1a: Beautifly|spe|1
|
|upkeep
|turn|18
|choice|move gigadrain|move calmmind
|
|move|p1a: Beautifly|Giga Drain|p2a: Tapu Fini
|-supereffective|p2a: Tapu Fini
|-damage|p2a: Tapu Fini|38\/100
|-damage|p1a: Beautifly|91\/100|[from] item: Life Orb
|move|p2a: Tapu Fini|Calm Mind|p2a: Tapu Fini
|-boost|p2a: Tapu Fini|spa|1
|-boost|p2a: Tapu Fini|spd|1
|
|-heal|p2a: Tapu Fini|44\/100|[from] item: Leftovers
|upkeep
|turn|19
|choice|move gigadrain|move icebeam
|
|move|p1a: Beautifly|Giga Drain|p2a: Tapu Fini
|-supereffective|p2a: Tapu Fini
|-damage|p2a: Tapu Fini|0 fnt
|-heal|p1a: Beautifly|100\/100|[from] drain|[of] p2a: Tapu Fini
|-damage|p1a: Beautifly|91\/100|[from] item: Life Orb
|faint|p2a: Tapu Fini
|
|upkeep
|l|luckyducklett88
|player|p2|
|c|☆Juicepsticles|gg
|-message|luckyducklett88 lost due to inactivity.
|
|win|Juicepsticles
|raw|Juicepsticles's rating: 1310 &rarr; <strong>1334<\/strong><br \/>(+24 for winning)
|raw|luckyducklett88's rating: 1376 &rarr; <strong>1352<\/strong><br \/>(-24 for losing)</script>
</div>
<div class="battle-log battle-log-inline"><div class="inner"><div class="chat"><small>Juicepsticles joined.</small></div><div class="chat"><small>luckyducklett88 joined.</small></div><div style="padding:5px 0"><small>Format:</small> <br><strong>[Gen 7] Random Battle</strong></div><div class="rated"><strong>Rated battle</strong></div><div><small><em>Sleep Clause Mod:</em> Limit one foe put to sleep</small></div><div><small><em>HP Percentage Mod:</em> HP is shown in percentages</small></div><div>Battle between Juicepsticles and luckyducklett88 started!</div><div class="spacer"></div><div>Go! <span class="battle-nickname" title="Muk-Alola">Muk <small>(Muk-Alola)</small></span>!</div><div class="spacer"></div><div>luckyducklett88 sent out Pinsir!</div><div><small>[Opposing <span class="battle-nickname-foe" title="Pinsir">Pinsir</span>'s Mold Breaker!]</small></div><div><small>The opposing <span class="battle-nickname-foe" title="Pinsir">Pinsir</span> breaks the mold!</small></div><h2>Turn 1</h2><div class="spacer"></div><div>luckyducklett88 withdrew Pinsir!</div><div class="spacer"></div><div>luckyducklett88 sent out Rotom!</div><div class="spacer"></div><div><span class="battle-nickname" title="Muk-Alola">Muk</span> used <strong>Curse</strong>!</div><div><small><span class="battle-nickname" title="Muk-Alola">Muk</span>'s Speed fell! </small></div><div><small><span class="battle-nickname" title="Muk-Alola">Muk</span>'s Attack rose! <span class="battle-nickname" title="Muk-Alola">Muk</span>'s Defense rose! </small></div><h2>Turn 2</h2><div class="spacer"></div><div>The opposing <span class="battle-nickname-foe" title="Rotom">Rotom</span> used <strong>Will-O-Wisp</strong>!</div><div><small><span class="battle-nickname" title="Muk-Alola">Muk</span> was burned!</small></div><div class="spacer"></div><div><span class="battle-nickname" title="Muk-Alola">Muk</span> used <strong>Knock Off</strong>!</div><div><small>It's super effective! </small><small>The opposing <span class="battle-nickname-foe" title="Rotom">Rotom</span> lost 68% of its health!</small><br></div><div><small><span class="battle-nickname" title="Muk-Alola">Muk</span> knocked off the opposing <span class="battle-nickname-foe" title="Rotom">Rotom</span>'s Leftovers!</small></div><div class="spacer"></div><div><small><span class="battle-nickname" title="Muk-Alola">Muk</span> was hurt by its burn!</small></div><h2>Turn 3</h2><div class="spacer"></div><div>The opposing <span class="battle-nickname-foe" title="Rotom">Rotom</span> used <strong>Pain Split</strong>!</div><div><small>The battlers shared their pain!</small></div><div class="spacer"></div><div><span class="battle-nickname" title="Muk-Alola">Muk</span> used <strong>Knock Off</strong>!</div><div><small>It's super effective! </small><small>The opposing <span class="battle-nickname-foe" title="Rotom">Rotom</span> lost 51% of its health!</small><br></div><div class="spacer"></div><div><small><span class="battle-nickname" title="Muk-Alola">Muk</span> restored a little HP using its Black Sludge!</small></div><div><small><span class="battle-nickname" title="Muk-Alola">Muk</span> was hurt by its burn!</small></div><h2>Turn 4</h2><div class="spacer"></div><div>The opposing <span class="battle-nickname-foe" title="Rotom">Rotom</span> used <strong>Volt Switch</strong>!</div><div><small><span class="battle-nickname" title="Muk-Alola">Muk</span> lost 23% of its health!</small><br></div><div class="spacer"></div><div>The opposing <span class="battle-nickname-foe" title="Rotom">Rotom</span> went back to luckyducklett88!</div><div class="spacer"></div><div>luckyducklett88 sent out <span class="battle-nickname-foe" title="Giratina-Origin">Giratina <small>(Giratina-Origin)</small></span>!</div><div class="spacer"></div><div><span class="battle-nickname" title="Muk-Alola">Muk</span> used <strong>Curse</strong>!</div><div><small><span class="battle-nickname" title="Muk-Alola">Muk</span>'s Speed fell! </small></div><div><small><span class="battle-nickname" title="Muk-Alola">Muk</span>'s Attack rose! <span class="battle-nickname" title="Muk-Alola">Muk</span>'s Defense rose! </small></div><div class="spacer"></div><div><small><span class="battle-nickname" title="Muk-Alola">Muk</span> restored a little HP using its Black Sludge!</small></div><div><small><span class="battle-nickname" title="Muk-Alola">Muk</span> was hurt by its burn!</small></div><h2>Turn 5</h2><div class="spacer"></div><div>The opposing <span class="battle-nickname-foe" title="Giratina-Origin">Giratina</span> used <strong>Earthquake</strong>!</div><div><small>It's super effective! </small><small><span class="battle-nickname" title="Muk-Alola">Muk</span> lost 28% of its health!</small><br></div><div class="spacer"></div><div><span class="battle-nickname" title="Muk-Alola">Muk</span> used <strong>Knock Off</strong>!</div><div><small>It's super effective! </small><small>The opposing <span class="battle-nickname-foe" title="Giratina-Origin">Giratina</span> lost 38% of its health!</small><br></div><div class="spacer"></div><div><small><span class="battle-nickname" title="Muk-Alola">Muk</span> restored a little HP using its Black Sludge!</small></div><div><small><span class="battle-nickname" title="Muk-Alola">Muk</span> was hurt by its burn!</small></div><h2>Turn 6</h2><div class="spacer"></div><div>The opposing <span class="battle-nickname-foe" title="Giratina-Origin">Giratina</span> used <strong>Earthquake</strong>!</div><div><small>It's super effective! </small><small><span class="battle-nickname" title="Muk-Alola">Muk</span> lost 8% of its health!</small><br></div><div class="spacer"></div><div><span class="battle-nickname" title="Muk-Alola">Muk</span> fainted!</div><div class="spacer"></div><div>Go! Drifblim!</div><h2>Turn 7</h2><div class="spacer"></div><div><span class="battle-nickname" title="Drifblim">Drifblim</span> used <strong>Will-O-Wisp</strong>!</div><div><small>The opposing <span class="battle-nickname-foe" title="Giratina-Origin">Giratina</span> was burned!</small></div><div class="spacer"></div><div>The opposing <span class="battle-nickname-foe" title="Giratina-Origin">Giratina</span> used <strong>Dragon Tail</strong>!</div><div><small><span class="battle-nickname" title="Drifblim">Drifblim</span> avoided the attack!</small></div><div class="spacer"></div><div><small>The opposing <span class="battle-nickname-foe" title="Giratina-Origin">Giratina</span> was hurt by its burn!</small></div><h2>Turn 8</h2><div class="spacer"></div><div><span class="battle-nickname" title="Drifblim">Drifblim</span> used <strong>Shadow Ball</strong>!</div><div><small>It's super effective! A critical hit! </small><small>The opposing <span class="battle-nickname-foe" title="Giratina-Origin">Giratina</span> lost 56% of its health!</small><br></div><div class="spacer"></div><div>The opposing <span class="battle-nickname-foe" title="Giratina-Origin">Giratina</span> fainted!</div><div class="spacer"></div><div>luckyducklett88 sent out Tapu Fini!</div><h2>Turn 9</h2><div class="chat message-error">Battle timer is ON: inactive players will automatically lose when time's up. (requested by luckyducklett88)</div><div class="spacer"></div><div>The opposing <span class="battle-nickname-foe" title="Tapu Fini">Tapu Fini</span> used <strong>Nasty Plot</strong>!</div><div><small>The opposing <span class="battle-nickname-foe" title="Tapu Fini">Tapu Fini</span>'s Special Attack rose sharply! </small></div><div class="spacer"></div><div><span class="battle-nickname" title="Drifblim">Drifblim</span> used <strong>Shadow Ball</strong>!</div><div><small>It's not very effective... </small></div><div class="spacer"></div><div><small>The opposing <span class="battle-nickname-foe" title="Zoroark">Zoroark</span>'s illusion wore off!</small></div><div><small>The opposing <span class="battle-nickname-foe" title="Zoroark">Zoroark</span> lost 22% of its health!</small><br></div><h2>Turn 10</h2><div class="spacer"></div><div>The opposing <span class="battle-nickname-foe" title="Zoroark">Zoroark</span> used <strong>Dark Pulse</strong>!</div><div><small>It's super effective! </small><small><span class="battle-nickname" title="Drifblim">Drifblim</span> lost 100% of its health!</small><br></div><div><small>The opposing <span class="battle-nickname-foe" title="Zoroark">Zoroark</span> lost some of its HP!</small></div><div class="spacer"></div><div><span class="battle-nickname" title="Drifblim">Drifblim</span> fainted!</div><div class="spacer"></div><div>Go! Wormadam!</div><h2>Turn 11</h2><div class="spacer"></div><div>The opposing <span class="battle-nickname-foe" title="Zoroark">Zoroark</span> used <strong>Flamethrower</strong>!</div><div><small>It's super effective! A critical hit! </small><small><span class="battle-nickname" title="Wormadam">Wormadam</span> lost 100% of its health!</small><br></div><div><small>The opposing <span class="battle-nickname-foe" title="Zoroark">Zoroark</span> lost some of its HP!</small></div><div class="spacer"></div><div><span class="battle-nickname" title="Wormadam">Wormadam</span> fainted!</div><div class="spacer"></div><div>Go! Dugtrio!</div><h2>Turn 12</h2><div class="spacer"></div><div><span class="battle-nickname" title="Dugtrio">Dugtrio</span> used <strong>Earthquake</strong>!</div><div><small>The opposing <span class="battle-nickname-foe" title="Zoroark">Zoroark</span> lost 53% of its health!</small><br></div><div class="spacer"></div><div>The opposing <span class="battle-nickname-foe" title="Zoroark">Zoroark</span> used <strong>Dark Pulse</strong>!</div><div><small><span class="battle-nickname" title="Dugtrio">Dugtrio</span> hung on using its Focus Sash!</small></div><div><small><span class="battle-nickname" title="Dugtrio">Dugtrio</span> lost 99% of its health!</small><br></div><div><small>The opposing <span class="battle-nickname-foe" title="Zoroark">Zoroark</span> lost some of its HP!</small></div><div class="spacer"></div><div>The opposing <span class="battle-nickname-foe" title="Zoroark">Zoroark</span> fainted!</div><div class="spacer"></div><div>luckyducklett88 sent out Pinsir!</div><div><small>[Opposing <span class="battle-nickname-foe" title="Pinsir">Pinsir</span>'s Mold Breaker!]</small></div><div><small>The opposing <span class="battle-nickname-foe" title="Pinsir">Pinsir</span> breaks the mold!</small></div><h2>Turn 13</h2><div class="spacer"></div><div><small>The opposing <span class="battle-nickname-foe" title="Pinsir-Mega">Pinsir</span>'s Pinsirite is reacting to luckyducklett88's Mega Bracelet!<br>The opposing <span class="battle-nickname-foe" title="Pinsir-Mega">Pinsir</span> has Mega Evolved into Mega Pinsir!</small></div><div class="spacer"></div><div>The opposing <span class="battle-nickname-foe" title="Pinsir-Mega">Pinsir</span> used <strong>Quick Attack</strong>!</div><div><small><span class="battle-nickname" title="Dugtrio">Dugtrio</span> lost 1% of its health!</small><br></div><div class="spacer"></div><div><span class="battle-nickname" title="Dugtrio">Dugtrio</span> fainted!</div><div class="spacer"></div><div>Go! Electivire!</div><h2>Turn 14</h2><div class="spacer"></div><div>The opposing <span class="battle-nickname-foe" title="Pinsir-Mega">Pinsir</span> used <strong>Close Combat</strong>!</div><div><small><span class="battle-nickname" title="Electivire">Electivire</span> lost 54% of its health!</small><br></div><div><small>The opposing <span class="battle-nickname-foe" title="Pinsir-Mega">Pinsir</span>'s Defense fell! The opposing <span class="battle-nickname-foe" title="Pinsir-Mega">Pinsir</span>'s Special Defense fell! </small></div><div class="spacer"></div><div><span class="battle-nickname" title="Electivire">Electivire</span> used <strong>Wild Charge</strong>!</div><div><small>It's super effective! </small><small>The opposing <span class="battle-nickname-foe" title="Pinsir-Mega">Pinsir</span> lost 100% of its health!</small><br></div><div><small><span class="battle-nickname" title="Electivire">Electivire</span> is damaged by the recoil!</small></div><div class="spacer"></div><div>The opposing <span class="battle-nickname-foe" title="Pinsir-Mega">Pinsir</span> fainted!</div><div class="spacer"></div><div>luckyducklett88 sent out Rotom!</div><h2>Turn 15</h2><div class="spacer"></div><div><span class="battle-nickname" title="Electivire">Electivire</span> used <strong>Flamethrower</strong>!</div><div><small>The opposing <span class="battle-nickname-foe" title="Rotom">Rotom</span> lost 28% of its health!</small><br></div><div class="spacer"></div><div>The opposing <span class="battle-nickname-foe" title="Rotom">Rotom</span> fainted!</div><div class="spacer"></div><div>luckyducklett88 sent out Unown!</div><h2>Turn 16</h2><div class="spacer"></div><div><span class="battle-nickname" title="Electivire">Electivire</span> used <strong>Wild Charge</strong>!</div><div><small>The opposing <span class="battle-nickname-foe" title="Unown">Unown</span> lost 53% of its health!</small><br></div><div><small><span class="battle-nickname" title="Electivire">Electivire</span> is damaged by the recoil!</small></div><div class="spacer"></div><div>The opposing <span class="battle-nickname-foe" title="Unown">Unown</span> used <strong>Hidden Power</strong>!</div><div><small><span class="battle-nickname" title="Electivire">Electivire</span> lost 9% of its health!</small><br></div><div class="spacer"></div><div><span class="battle-nickname" title="Electivire">Electivire</span> fainted!</div><div class="spacer"></div><div>Go! Beautifly!</div><h2>Turn 17</h2><div class="spacer"></div><div>luckyducklett88 withdrew Unown!</div><div class="spacer"></div><div>luckyducklett88 sent out Tapu Fini!</div><div><small>[Opposing <span class="battle-nickname-foe" title="Tapu Fini">Tapu Fini</span>'s Misty Surge!]</small></div><div><small>Mist swirls around the battlefield!</small></div><div class="spacer"></div><div><span class="battle-nickname" title="Beautifly">Beautifly</span> used <strong>Quiver Dance</strong>!</div><div><small><span class="battle-nickname" title="Beautifly">Beautifly</span>'s Special Attack rose! <span class="battle-nickname" title="Beautifly">Beautifly</span>'s Special Defense rose! <span class="battle-nickname" title="Beautifly">Beautifly</span>'s Speed rose! </small></div><h2>Turn 18</h2><div class="spacer"></div><div><span class="battle-nickname" title="Beautifly">Beautifly</span> used <strong>Giga Drain</strong>!</div><div><small>It's super effective! </small><small>The opposing <span class="battle-nickname-foe" title="Tapu Fini">Tapu Fini</span> lost 62% of its health!</small><br></div><div><small><span class="battle-nickname" title="Beautifly">Beautifly</span> lost some of its HP!</small></div><div class="spacer"></div><div>The opposing <span class="battle-nickname-foe" title="Tapu Fini">Tapu Fini</span> used <strong>Calm Mind</strong>!</div><div><small>The opposing <span class="battle-nickname-foe" title="Tapu Fini">Tapu Fini</span>'s Special Attack rose! The opposing <span class="battle-nickname-foe" title="Tapu Fini">Tapu Fini</span>'s Special Defense rose! </small></div><div class="spacer"></div><div><small>The opposing <span class="battle-nickname-foe" title="Tapu Fini">Tapu Fini</span> restored a little HP using its Leftovers!</small></div><h2>Turn 19</h2><div class="spacer"></div><div><span class="battle-nickname" title="Beautifly">Beautifly</span> used <strong>Giga Drain</strong>!</div><div><small>It's super effective! </small><small>The opposing <span class="battle-nickname-foe" title="Tapu Fini">Tapu Fini</span> lost 44% of its health!</small><br></div><div><small>The opposing <span class="battle-nickname-foe" title="Tapu Fini">Tapu Fini</span> had its energy drained!</small></div><div><small><span class="battle-nickname" title="Beautifly">Beautifly</span> lost some of its HP!</small></div><div class="spacer"></div><div>The opposing <span class="battle-nickname-foe" title="Tapu Fini">Tapu Fini</span> fainted!</div><div class="chat"><small>luckyducklett88 left.</small></div><div class="chat chatmessage-juicepsticles"><strong style="color:hsl(160,49%,36%);"><small>☆</small><span class="username" data-name="Juicepsticles">Juicepsticles</span>:</strong> <em>gg</em></div><div class="spacer"></div><div><small>luckyducklett88 lost due to inactivity.</small></div><div class="spacer"></div><div>Juicepsticles won the battle!</div><div class="chat">Juicepsticles's rating: 1310 → <strong>1334</strong><br>(+24 for winning)</div><div class="chat">luckyducklett88's rating: 1376 → <strong>1352</strong><br>(-24 for losing)</div></div></div>
</div>
<script>
var daily = Math.floor(Date.now()/1000/60/60/24);document.write('<script src="https://play.pokemonshowdown.com/js/replay-embed.js?version'+daily+'"></'+'script>');
</script>
