<!DOCTYPE html>
<meta charset="utf-8" />
<!-- version 1 -->
<title>[Gen 7] Random Battle replay: mehMay vs. ryannnn</title>
<style>
html,body {font-family:Verdana, sans-serif;font-size:10pt;margin:0;padding:0;}body{padding:12px 0;} .battle-log {font-family:Verdana, sans-serif;font-size:10pt;} .battle-log-inline {border:1px solid #AAAAAA;background:#EEF2F5;color:black;max-width:640px;margin:0 auto 80px;padding-bottom:5px;} .battle-log .inner {padding:4px 8px 0px 8px;} .battle-log .inner-preempt {padding:0 8px 4px 8px;} .battle-log .inner-after {margin-top:0.5em;} .battle-log h2 {margin:0.5em -8px;padding:4px 8px;border:1px solid #AAAAAA;background:#E0E7EA;border-left:0;border-right:0;font-family:Verdana, sans-serif;font-size:13pt;} .battle-log .chat {vertical-align:middle;padding:3px 0 3px 0;font-size:8pt;} .battle-log .chat strong {color:#40576A;} .battle-log .chat em {padding:1px 4px 1px 3px;color:#000000;font-style:normal;} .chat.mine {background:rgba(0,0,0,0.05);margin-left:-8px;margin-right:-8px;padding-left:8px;padding-right:8px;} .spoiler {color:#BBBBBB;background:#BBBBBB;padding:0px 3px;} .spoiler:hover, .spoiler:active, .spoiler-shown {color:#000000;background:#E2E2E2;padding:0px 3px;} .spoiler a {color:#BBBBBB;} .spoiler:hover a, .spoiler:active a, .spoiler-shown a {color:#2288CC;} .chat code, .chat .spoiler:hover code, .chat .spoiler:active code, .chat .spoiler-shown code {border:1px solid #C0C0C0;background:#EEEEEE;color:black;padding:0 2px;} .chat .spoiler code {border:1px solid #CCCCCC;background:#CCCCCC;color:#CCCCCC;} .battle-log .rated {padding:3px 4px;} .battle-log .rated strong {color:white;background:#89A;padding:1px 4px;border-radius:4px;} .spacer {margin-top:0.5em;} .message-announce {background:#6688AA;color:white;padding:1px 4px 2px;} .message-announce a, .broadcast-green a, .broadcast-blue a, .broadcast-red a {color:#DDEEFF;} .broadcast-green {background-color:#559955;color:white;padding:2px 4px;} .broadcast-blue {background-color:#6688AA;color:white;padding:2px 4px;} .infobox {border:1px solid #6688AA;padding:2px 4px;} .infobox-limited {max-height:200px;overflow:auto;overflow-x:hidden;} .broadcast-red {background-color:#AA5544;color:white;padding:2px 4px;} .message-learn-canlearn {font-weight:bold;color:#228822;text-decoration:underline;} .message-learn-cannotlearn {font-weight:bold;color:#CC2222;text-decoration:underline;} .message-effect-weak {font-weight:bold;color:#CC2222;} .message-effect-resist {font-weight:bold;color:#6688AA;} .message-effect-immune {font-weight:bold;color:#666666;} .message-learn-list {margin-top:0;margin-bottom:0;} .message-throttle-notice, .message-error {color:#992222;} .message-overflow, .chat small.message-overflow {font-size:0pt;} .message-overflow::before {font-size:9pt;content:'...';} .subtle {color:#3A4A66;}
</style>
<div class="wrapper replay-wrapper" style="max-width:1180px;margin:0 auto">
<input type="hidden" name="replayid" value="gen7randombattle-566852408" />
<div class="battle"></div><div class="battle-log"></div><div class="replay-controls"></div><div class="replay-controls-2"></div>
<h1 style="font-weight:normal;text-align:center"><strong>[Gen 7] Random Battle</strong><br /><a href="http://pokemonshowdown.com/users/mehmay" class="subtle" target="_blank">mehMay</a> vs. <a href="http://pokemonshowdown.com/users/ryannnn" class="subtle" target="_blank">ryannnn</a></h1>
<script type="text/plain" class="battle-log-data">|j|mehMay
|j|ryannnn
|player|p1|mehMay|126
|player|p2|ryannnn|184
|gametype|singles
|gen|7
|tier|[Gen 7] Random Battle
|rated
|seed|20345,16190,895,46620,22152,32135,18178,61827,10578,36576,57062,16663
|rule|Sleep Clause Mod: Limit one foe put to sleep
|rule|HP Percentage Mod: HP is shown in percentages
|
|start
|switch|p1a: Nidoking|Nidoking, L77, M|100\/100
|switch|p2a: Jynx|Jynx, L79, F|100\/100
|turn|1
|inactive|Battle timer is ON: inactive players will automatically lose when time's up. (requested by ryannnn)
|choice|switch 4|move substitute
|
|switch|p1a: Aegislash|Aegislash, L73, M|100\/100
|move|p2a: Jynx|Substitute|p2a: Jynx
|-start|p2a: Jynx|Substitute
|-damage|p2a: Jynx|76\/100
|
|-heal|p2a: Jynx|82\/100|[from] item: Leftovers
|upkeep
|turn|2
|choice|move shadowball|move icebeam
|
|move|p2a: Jynx|Ice Beam|p1a: Aegislash
|-resisted|p1a: Aegislash
|-damage|p1a: Aegislash|84\/100
|-formechange|p1a: Aegislash|Aegislash-Blade|[from] ability: Stance Change
|move|p1a: Aegislash|Shadow Ball|p2a: Jynx
|-supereffective|p2a: Jynx
|-end|p2a: Jynx|Substitute
|-damage|p1a: Aegislash|75\/100|[from] item: Life Orb
|
|-heal|p2a: Jynx|88\/100|[from] item: Leftovers
|upkeep
|turn|3
|choice|move kingsshield|switch 3
|
|switch|p2a: Palkia|Palkia, L73|100\/100
|-ability|p2a: Palkia|Pressure
|-formechange|p1a: Aegislash|Aegislash|[from] ability: Stance Change
|move|p1a: Aegislash|King's Shield|p1a: Aegislash
|-fail|p1a: Aegislash
|
|upkeep
|turn|4
|choice|switch 2|move fireblast
|
|switch|p1a: Luxray|Luxray, L79, M|100\/100
|-ability|p1a: Luxray|Intimidate|boost
|-unboost|p2a: Palkia|atk|1
|move|p2a: Palkia|Fire Blast|p1a: Luxray|[miss]
|-miss|p2a: Palkia|p1a: Luxray
|
|upkeep
|turn|5
|choice|move voltswitch|move hydropump
|
|move|p2a: Palkia|Hydro Pump|p1a: Luxray
|-damage|p1a: Luxray|44\/100
|move|p1a: Luxray|Volt Switch|p2a: Palkia
|-damage|p2a: Palkia|79\/100
|choice|switch 3|
|
|switch|p1a: Ribombee|Ribombee, L75, M|100\/100
|
|-heal|p2a: Palkia|85\/100|[from] item: Leftovers
|upkeep
|turn|6
|choice|move quiverdance|switch 5
|
|switch|p2a: Bisharp|Bisharp, L77, M|100\/100
|move|p1a: Ribombee|Quiver Dance|p1a: Ribombee
|-boost|p1a: Ribombee|spa|1
|-boost|p1a: Ribombee|spd|1
|-boost|p1a: Ribombee|spe|1
|
|upkeep
|turn|7
|choice|move batonpass|move substitute
|
|move|p1a: Ribombee|Baton Pass|p1a: Ribombee
|choice|switch 4|
|
|switch|p1a: Nidoking|Nidoking, L77, M|100\/100
|move|p2a: Bisharp|Substitute|p2a: Bisharp
|-start|p2a: Bisharp|Substitute
|-damage|p2a: Bisharp|76\/100
|
|-heal|p2a: Bisharp|82\/100|[from] item: Leftovers
|upkeep
|turn|8
|choice|move earthpower|move ironhead
|
|move|p1a: Nidoking|Earth Power|p2a: Bisharp
|-supereffective|p2a: Bisharp
|-end|p2a: Bisharp|Substitute
|move|p2a: Bisharp|Iron Head|p1a: Nidoking
|-damage|p1a: Nidoking|58\/100
|
|-heal|p2a: Bisharp|88\/100|[from] item: Leftovers
|upkeep
|turn|9
|choice|move earthpower|switch 6
|
|switch|p2a: Beautifly|Beautifly, L79, F|100\/100
|move|p1a: Nidoking|Earth Power|p2a: Beautifly
|-immune|p2a: Beautifly|[msg]
|
|upkeep
|turn|10
|choice|move fireblast|move psychic
|
|move|p1a: Nidoking|Fire Blast|p2a: Beautifly
|-supereffective|p2a: Beautifly
|-damage|p2a: Beautifly|0 fnt
|faint|p2a: Beautifly
|
|upkeep
|choice||switch 5
|
|switch|p2a: Palkia|Palkia, L73|85\/100
|-ability|p2a: Palkia|Pressure
|turn|11
|choice|move earthpower|move hydropump
|
|move|p1a: Nidoking|Earth Power|p2a: Palkia
|-damage|p2a: Palkia|21\/100
|move|p2a: Palkia|Hydro Pump|p1a: Nidoking
|-supereffective|p1a: Nidoking
|-damage|p1a: Nidoking|0 fnt
|faint|p1a: Nidoking
|
|-heal|p2a: Palkia|27\/100|[from] item: Leftovers
|upkeep
|choice|switch 6|
|
|switch|p1a: Archeops|Archeops, L79, M|100\/100
|turn|12
|choice|move acrobatics|move hydropump
|
|move|p1a: Archeops|Acrobatics|p2a: Palkia
|-damage|p2a: Palkia|0 fnt
|faint|p2a: Palkia
|
|upkeep
|choice||switch 6
|
|switch|p2a: Bisharp|Bisharp, L77, M|88\/100
|turn|13
|choice|switch 5|move ironhead
|
|switch|p1a: Kricketune|Kricketune, L79, M|100\/100
|move|p2a: Bisharp|Iron Head|p1a: Kricketune
|-damage|p1a: Kricketune|49\/100
|
|-heal|p2a: Bisharp|94\/100|[from] item: Leftovers
|-heal|p1a: Kricketune|55\/100|[from] item: Leftovers
|upkeep
|turn|14
|choice|move stickyweb|move substitute
|
|move|p2a: Bisharp|Substitute|p2a: Bisharp
|-start|p2a: Bisharp|Substitute
|-damage|p2a: Bisharp|70\/100
|move|p1a: Kricketune|Sticky Web|p2a: Bisharp
|-sidestart|p2: ryannnn|move: Sticky Web
|
|-heal|p2a: Bisharp|76\/100|[from] item: Leftovers
|-heal|p1a: Kricketune|61\/100|[from] item: Leftovers
|upkeep
|turn|15
|choice|move leechlife|move swordsdance
|
|move|p2a: Bisharp|Swords Dance|p2a: Bisharp
|-boost|p2a: Bisharp|atk|2
|move|p1a: Kricketune|Leech Life|p2a: Bisharp
|-end|p2a: Bisharp|Substitute
|-heal|p1a: Kricketune|72\/100|[from] drain|[of] p2a: Bisharp
|
|-heal|p2a: Bisharp|82\/100|[from] item: Leftovers
|-heal|p1a: Kricketune|78\/100|[from] item: Leftovers
|upkeep
|turn|16
|choice|move leechlife|move ironhead
|
|move|p2a: Bisharp|Iron Head|p1a: Kricketune
|-damage|p1a: Kricketune|0 fnt
|faint|p1a: Kricketune
|
|-heal|p2a: Bisharp|88\/100|[from] item: Leftovers
|upkeep
|choice|switch 5|
|
|switch|p1a: Archeops|Archeops, L79, M|100\/100
|turn|17
|choice|move earthquake|move suckerpunch
|
|move|p2a: Bisharp|Sucker Punch|p1a: Archeops
|-damage|p1a: Archeops|25\/100
|move|p1a: Archeops|Earthquake|p2a: Bisharp
|-supereffective|p2a: Bisharp
|-damage|p2a: Bisharp|53\/100
|
|-heal|p2a: Bisharp|59\/100|[from] item: Leftovers
|upkeep
|turn|18
|choice|move earthquake|move ironhead
|
|move|p1a: Archeops|Earthquake|p2a: Bisharp
|-supereffective|p2a: Bisharp
|-damage|p2a: Bisharp|19\/100
|move|p2a: Bisharp|Iron Head|p1a: Archeops
|-supereffective|p1a: Archeops
|-damage|p1a: Archeops|0 fnt
|faint|p1a: Archeops
|
|-heal|p2a: Bisharp|26\/100|[from] item: Leftovers
|upkeep
|choice|switch 4|
|
|switch|p1a: Ribombee|Ribombee, L75, M|100\/100
|turn|19
|choice|move bugbuzz|move ironhead
|
|move|p1a: Ribombee|Bug Buzz|p2a: Bisharp
|-damage|p2a: Bisharp|0 fnt
|faint|p2a: Bisharp
|
|upkeep
|choice||switch 2
|
|switch|p2a: Spinda|Spinda, L79, F|100\/100
|-activate|p2a: Spinda|move: Sticky Web
|-boost|p2a: Spinda|spe|1
|turn|20
|choice|move quiverdance|move return
|
|move|p1a: Ribombee|Quiver Dance|p1a: Ribombee
|-boost|p1a: Ribombee|spa|1
|-boost|p1a: Ribombee|spd|1
|-boost|p1a: Ribombee|spe|1
|move|p2a: Spinda|Return|p1a: Ribombee
|-damage|p1a: Ribombee|42\/100
|-damage|p2a: Spinda|91\/100|[from] item: Life Orb
|
|-heal|p1a: Ribombee|48\/100|[from] item: Leftovers
|upkeep
|turn|21
|choice|move roost|move trickroom
|
|move|p1a: Ribombee|Roost|p1a: Ribombee
|-heal|p1a: Ribombee|98\/100
|move|p2a: Spinda|Trick Room|p2a: Spinda
|-fieldstart|move: Trick Room|[of] p2a: Spinda
|
|-heal|p1a: Ribombee|100\/100|[from] item: Leftovers
|upkeep
|turn|22
|choice|move batonpass|move return
|
|move|p2a: Spinda|Return|p1a: Ribombee
|-damage|p1a: Ribombee|38\/100
|-damage|p2a: Spinda|81\/100|[from] item: Life Orb
|move|p1a: Ribombee|Baton Pass|p1a: Ribombee
|choice|switch 2|
|
|switch|p1a: Aegislash|Aegislash, L73, M|75\/100
|
|upkeep
|turn|23
|choice|move kingsshield|move suckerpunch
|
|move|p1a: Aegislash|King's Shield|p1a: Aegislash
|-singleturn|p1a: Aegislash|Protect
|move|p2a: Spinda|Sucker Punch|p1a: Aegislash|[still]
|-fail|p2a: Spinda
|
|upkeep
|turn|24
|choice|move hiddenpower|move suckerpunch
|
|move|p2a: Spinda|Sucker Punch|p1a: Aegislash
|-supereffective|p1a: Aegislash
|-damage|p1a: Aegislash|45\/100
|-damage|p2a: Spinda|71\/100|[from] item: Life Orb
|-formechange|p1a: Aegislash|Aegislash-Blade|[from] ability: Stance Change
|move|p1a: Aegislash|Hidden Power|p2a: Spinda
|-damage|p2a: Spinda|15\/100
|-damage|p1a: Aegislash|35\/100|[from] item: Life Orb
|
|upkeep
|turn|25
|choice|move kingsshield|move suckerpunch
|
|-formechange|p1a: Aegislash|Aegislash|[from] ability: Stance Change
|move|p1a: Aegislash|King's Shield|p1a: Aegislash
|-singleturn|p1a: Aegislash|Protect
|move|p2a: Spinda|Sucker Punch|p1a: Aegislash|[still]
|-fail|p2a: Spinda
|
|-fieldend|move: Trick Room
|upkeep
|turn|26
|choice|move hiddenpower|move suckerpunch
|
|move|p2a: Spinda|Sucker Punch|p1a: Aegislash
|-supereffective|p1a: Aegislash
|-damage|p1a: Aegislash|4\/100
|-damage|p2a: Spinda|5\/100|[from] item: Life Orb
|-formechange|p1a: Aegislash|Aegislash-Blade|[from] ability: Stance Change
|move|p1a: Aegislash|Hidden Power|p2a: Spinda
|-damage|p2a: Spinda|0 fnt
|-damage|p1a: Aegislash|0 fnt|[from] item: Life Orb
|faint|p2a: Spinda
|faint|p1a: Aegislash
|
|upkeep
|choice|switch 2|switch 4
|
|switch|p1a: Ribombee|Ribombee, L75, M|38\/100
|switch|p2a: Meowstic|Meowstic, L79, M|100\/100
|-activate|p2a: Meowstic|move: Sticky Web
|-unboost|p2a: Meowstic|spe|1
|turn|27
|choice|move roost|move lightscreen
|
|move|p2a: Meowstic|Light Screen|p2a: Meowstic
|-sidestart|p2: ryannnn|move: Light Screen
|move|p1a: Ribombee|Roost|p1a: Ribombee
|-heal|p1a: Ribombee|88\/100
|
|-heal|p1a: Ribombee|94\/100|[from] item: Leftovers
|upkeep
|turn|28
|choice|move quiverdance|move toxic
|
|move|p2a: Meowstic|Toxic|p1a: Ribombee
|-status|p1a: Ribombee|tox
|move|p1a: Ribombee|Quiver Dance|p1a: Ribombee
|-boost|p1a: Ribombee|spa|1
|-boost|p1a: Ribombee|spd|1
|-boost|p1a: Ribombee|spe|1
|
|-heal|p1a: Ribombee|99\/100 tox|[from] item: Leftovers
|-damage|p1a: Ribombee|94\/100 tox|[from] psn
|upkeep
|turn|29
|choice|move bugbuzz|move psychic
|
|move|p1a: Ribombee|Bug Buzz|p2a: Meowstic
|-supereffective|p2a: Meowstic
|-damage|p2a: Meowstic|47\/100
|move|p2a: Meowstic|Psychic|p1a: Ribombee
|-damage|p1a: Ribombee|60\/100 tox
|
|-heal|p1a: Ribombee|66\/100 tox|[from] item: Leftovers
|-damage|p1a: Ribombee|54\/100 tox|[from] psn
|upkeep
|turn|30
|choice|move bugbuzz|move psychic
|
|move|p1a: Ribombee|Bug Buzz|p2a: Meowstic
|-supereffective|p2a: Meowstic
|-damage|p2a: Meowstic|0 fnt
|faint|p2a: Meowstic
|
|-heal|p1a: Ribombee|60\/100 tox|[from] item: Leftovers
|-damage|p1a: Ribombee|42\/100 tox|[from] psn
|upkeep
|choice||switch 3
|
|switch|p2a: Jynx|Jynx, L79, F|88\/100
|-activate|p2a: Jynx|move: Sticky Web
|-unboost|p2a: Jynx|spe|1
|turn|31
|choice|move bugbuzz|move psyshock
|
|move|p1a: Ribombee|Bug Buzz|p2a: Jynx
|-supereffective|p2a: Jynx
|-damage|p2a: Jynx|41\/100
|move|p2a: Jynx|Psyshock|p1a: Ribombee
|-crit|p1a: Ribombee
|-damage|p1a: Ribombee|0 fnt
|faint|p1a: Ribombee
|
|-heal|p2a: Jynx|47\/100|[from] item: Leftovers
|upkeep
|choice|switch 3|
|
|switch|p1a: Luxray|Luxray, L79, M|44\/100
|-ability|p1a: Luxray|Intimidate|boost
|-unboost|p2a: Jynx|atk|1
|turn|32
|choice|move wildcharge|move icebeam
|
|move|p1a: Luxray|Wild Charge|p2a: Jynx
|-damage|p2a: Jynx|0 fnt
|-damage|p1a: Luxray|34\/100|[from] recoil|[of] p2a: Jynx
|faint|p2a: Jynx
|
|win|mehMay
|l|ryannnn
|raw|mehMay's rating: 1858 &rarr; <strong>1880<\/strong><br \/>(+22 for winning)
|raw|ryannnn's rating: 1893 &rarr; <strong>1871<\/strong><br \/>(-22 for losing)</script>
</div>
<div class="battle-log battle-log-inline"><div class="inner"><div class="chat"><small>mehMay joined.</small></div><div class="chat"><small>ryannnn joined.</small></div><div style="padding:5px 0"><small>Format:</small> <br><strong>[Gen 7] Random Battle</strong></div><div class="rated"><strong>Rated battle</strong></div><div><small><em>Sleep Clause Mod:</em> Limit one foe put to sleep</small></div><div><small><em>HP Percentage Mod:</em> HP is shown in percentages</small></div><div>Battle between mehMay and ryannnn started!</div><div class="spacer"></div><div>Go! Nidoking!</div><div class="spacer"></div><div>ryannnn sent out Jynx!</div><h2>Turn 1</h2><div class="chat message-error">Battle timer is ON: inactive players will automatically lose when time's up. (requested by ryannnn)</div><div class="spacer"></div><div><span class="battle-nickname" title="Nidoking">Nidoking</span>, come back!</div><div class="spacer"></div><div>Go! Aegislash!</div><div class="spacer"></div><div>The opposing <span class="battle-nickname-foe" title="Jynx">Jynx</span> used <strong>Substitute</strong>!</div><div><small>The opposing <span class="battle-nickname-foe" title="Jynx">Jynx</span> put in a substitute!</small></div><div><small>The opposing <span class="battle-nickname-foe" title="Jynx">Jynx</span> lost 24% of its health!</small><br></div><div class="spacer"></div><div><small>The opposing <span class="battle-nickname-foe" title="Jynx">Jynx</span> restored a little HP using its Leftovers!</small></div><h2>Turn 2</h2><div class="spacer"></div><div>The opposing <span class="battle-nickname-foe" title="Jynx">Jynx</span> used <strong>Ice Beam</strong>!</div><div><small>It's not very effective... </small><small><span class="battle-nickname" title="Aegislash">Aegislash</span> lost 16% of its health!</small><br></div><div><small>[<span class="battle-nickname" title="Aegislash">Aegislash</span>'s Stance Change!]</small></div><div><small>Changed to Blade Forme!</small></div><div class="spacer"></div><div><span class="battle-nickname" title="Aegislash">Aegislash</span> used <strong>Shadow Ball</strong>!</div><div><small>It's super effective! The opposing <span class="battle-nickname-foe" title="Jynx">Jynx</span>'s substitute faded!</small></div><div><small><span class="battle-nickname" title="Aegislash">Aegislash</span> lost some of its HP!</small></div><div class="spacer"></div><div><small>The opposing <span class="battle-nickname-foe" title="Jynx">Jynx</span> restored a little HP using its Leftovers!</small></div><h2>Turn 3</h2><div class="spacer"></div><div>ryannnn withdrew Jynx!</div><div class="spacer"></div><div>ryannnn sent out Palkia!</div><div><small>[Opposing <span class="battle-nickname-foe" title="Palkia">Palkia</span>'s Pressure!]</small></div><div><small>The opposing <span class="battle-nickname-foe" title="Palkia">Palkia</span> is exerting its pressure!</small></div><div><small>[<span class="battle-nickname" title="Aegislash">Aegislash</span>'s Stance Change!]</small></div><div><small>Changed to Shield Forme!</small></div><div class="spacer"></div><div><span class="battle-nickname" title="Aegislash">Aegislash</span> used <strong>King's Shield</strong>!</div><div><small>But it failed!</small></div><h2>Turn 4</h2><div class="spacer"></div><div><span class="battle-nickname" title="Aegislash">Aegislash</span>, come back!</div><div class="spacer"></div><div>Go! Luxray!</div><div><small>[<span class="battle-nickname" title="Luxray">Luxray</span>'s Intimidate!]</small></div><div><small>The opposing <span class="battle-nickname-foe" title="Palkia">Palkia</span>'s Attack fell! </small></div><div class="spacer"></div><div>The opposing <span class="battle-nickname-foe" title="Palkia">Palkia</span> used <strong>Fire Blast</strong>!</div><div><small><span class="battle-nickname" title="Luxray">Luxray</span> avoided the attack!</small></div><h2>Turn 5</h2><div class="spacer"></div><div>The opposing <span class="battle-nickname-foe" title="Palkia">Palkia</span> used <strong>Hydro Pump</strong>!</div><div><small><span class="battle-nickname" title="Luxray">Luxray</span> lost 56% of its health!</small><br></div><div class="spacer"></div><div><span class="battle-nickname" title="Luxray">Luxray</span> used <strong>Volt Switch</strong>!</div><div><small>The opposing <span class="battle-nickname-foe" title="Palkia">Palkia</span> lost 21% of its health!</small><br></div><div class="spacer"></div><div><span class="battle-nickname" title="Luxray">Luxray</span> went back to mehMay!</div><div class="spacer"></div><div>Go! Ribombee!</div><div class="spacer"></div><div><small>The opposing <span class="battle-nickname-foe" title="Palkia">Palkia</span> restored a little HP using its Leftovers!</small></div><h2>Turn 6</h2><div class="spacer"></div><div>ryannnn withdrew Palkia!</div><div class="spacer"></div><div>ryannnn sent out Bisharp!</div><div class="spacer"></div><div><span class="battle-nickname" title="Ribombee">Ribombee</span> used <strong>Quiver Dance</strong>!</div><div><small><span class="battle-nickname" title="Ribombee">Ribombee</span>'s Special Attack rose! <span class="battle-nickname" title="Ribombee">Ribombee</span>'s Special Defense rose! <span class="battle-nickname" title="Ribombee">Ribombee</span>'s Speed rose! </small></div><h2>Turn 7</h2><div class="spacer"></div><div><span class="battle-nickname" title="Ribombee">Ribombee</span> used <strong>Baton Pass</strong>!</div><div class="spacer"></div><div>Go! Nidoking!</div><div class="spacer"></div><div>The opposing <span class="battle-nickname-foe" title="Bisharp">Bisharp</span> used <strong>Substitute</strong>!</div><div><small>The opposing <span class="battle-nickname-foe" title="Bisharp">Bisharp</span> put in a substitute!</small></div><div><small>The opposing <span class="battle-nickname-foe" title="Bisharp">Bisharp</span> lost 24% of its health!</small><br></div><div class="spacer"></div><div><small>The opposing <span class="battle-nickname-foe" title="Bisharp">Bisharp</span> restored a little HP using its Leftovers!</small></div><h2>Turn 8</h2><div class="spacer"></div><div><span class="battle-nickname" title="Nidoking">Nidoking</span> used <strong>Earth Power</strong>!</div><div><small>It's super effective! The opposing <span class="battle-nickname-foe" title="Bisharp">Bisharp</span>'s substitute faded!</small></div><div class="spacer"></div><div>The opposing <span class="battle-nickname-foe" title="Bisharp">Bisharp</span> used <strong>Iron Head</strong>!</div><div><small><span class="battle-nickname" title="Nidoking">Nidoking</span> lost 42% of its health!</small><br></div><div class="spacer"></div><div><small>The opposing <span class="battle-nickname-foe" title="Bisharp">Bisharp</span> restored a little HP using its Leftovers!</small></div><h2>Turn 9</h2><div class="spacer"></div><div>ryannnn withdrew Bisharp!</div><div class="spacer"></div><div>ryannnn sent out Beautifly!</div><div class="spacer"></div><div><span class="battle-nickname" title="Nidoking">Nidoking</span> used <strong>Earth Power</strong>!</div><div><small>It doesn't affect the opposing <span class="battle-nickname-foe" title="Beautifly">Beautifly</span>... </small></div><h2>Turn 10</h2><div class="spacer"></div><div><span class="battle-nickname" title="Nidoking">Nidoking</span> used <strong>Fire Blast</strong>!</div><div><small>It's super effective! </small><small>The opposing <span class="battle-nickname-foe" title="Beautifly">Beautifly</span> lost 100% of its health!</small><br></div><div class="spacer"></div><div>The opposing <span class="battle-nickname-foe" title="Beautifly">Beautifly</span> fainted!</div><div class="spacer"></div><div>ryannnn sent out Palkia!</div><div><small>[Opposing <span class="battle-nickname-foe" title="Palkia">Palkia</span>'s Pressure!]</small></div><div><small>The opposing <span class="battle-nickname-foe" title="Palkia">Palkia</span> is exerting its pressure!</small></div><h2>Turn 11</h2><div class="spacer"></div><div><span class="battle-nickname" title="Nidoking">Nidoking</span> used <strong>Earth Power</strong>!</div><div><small>The opposing <span class="battle-nickname-foe" title="Palkia">Palkia</span> lost 64% of its health!</small><br></div><div class="spacer"></div><div>The opposing <span class="battle-nickname-foe" title="Palkia">Palkia</span> used <strong>Hydro Pump</strong>!</div><div><small>It's super effective! </small><small><span class="battle-nickname" title="Nidoking">Nidoking</span> lost 57% of its health!</small><br></div><div class="spacer"></div><div><span class="battle-nickname" title="Nidoking">Nidoking</span> fainted!</div><div class="spacer"></div><div><small>The opposing <span class="battle-nickname-foe" title="Palkia">Palkia</span> restored a little HP using its Leftovers!</small></div><div class="spacer"></div><div>Go! Archeops!</div><h2>Turn 12</h2><div class="spacer"></div><div><span class="battle-nickname" title="Archeops">Archeops</span> used <strong>Acrobatics</strong>!</div><div><small>The opposing <span class="battle-nickname-foe" title="Palkia">Palkia</span> lost 27% of its health!</small><br></div><div class="spacer"></div><div>The opposing <span class="battle-nickname-foe" title="Palkia">Palkia</span> fainted!</div><div class="spacer"></div><div>ryannnn sent out Bisharp!</div><h2>Turn 13</h2><div class="spacer"></div><div><span class="battle-nickname" title="Archeops">Archeops</span>, come back!</div><div class="spacer"></div><div>Go! Kricketune!</div><div class="spacer"></div><div>The opposing <span class="battle-nickname-foe" title="Bisharp">Bisharp</span> used <strong>Iron Head</strong>!</div><div><small><span class="battle-nickname" title="Kricketune">Kricketune</span> lost 51% of its health!</small><br></div><div class="spacer"></div><div><small>The opposing <span class="battle-nickname-foe" title="Bisharp">Bisharp</span> restored a little HP using its Leftovers!</small></div><div><small><span class="battle-nickname" title="Kricketune">Kricketune</span> restored a little HP using its Leftovers!</small></div><h2>Turn 14</h2><div class="spacer"></div><div>The opposing <span class="battle-nickname-foe" title="Bisharp">Bisharp</span> used <strong>Substitute</strong>!</div><div><small>The opposing <span class="battle-nickname-foe" title="Bisharp">Bisharp</span> put in a substitute!</small></div><div><small>The opposing <span class="battle-nickname-foe" title="Bisharp">Bisharp</span> lost 24% of its health!</small><br></div><div class="spacer"></div><div><span class="battle-nickname" title="Kricketune">Kricketune</span> used <strong>Sticky Web</strong>!</div><div><small>A sticky web spreads out on the ground around the opposing team!</small></div><div class="spacer"></div><div><small>The opposing <span class="battle-nickname-foe" title="Bisharp">Bisharp</span> restored a little HP using its Leftovers!</small></div><div><small><span class="battle-nickname" title="Kricketune">Kricketune</span> restored a little HP using its Leftovers!</small></div><h2>Turn 15</h2><div class="spacer"></div><div>The opposing <span class="battle-nickname-foe" title="Bisharp">Bisharp</span> used <strong>Swords Dance</strong>!</div><div><small>The opposing <span class="battle-nickname-foe" title="Bisharp">Bisharp</span>'s Attack rose sharply! </small></div><div class="spacer"></div><div><span class="battle-nickname" title="Kricketune">Kricketune</span> used <strong>Leech Life</strong>!</div><div><small>The opposing <span class="battle-nickname-foe" title="Bisharp">Bisharp</span>'s substitute faded!</small></div><div><small>The opposing <span class="battle-nickname-foe" title="Bisharp">Bisharp</span> had its energy drained!</small></div><div class="spacer"></div><div><small>The opposing <span class="battle-nickname-foe" title="Bisharp">Bisharp</span> restored a little HP using its Leftovers!</small></div><div><small><span class="battle-nickname" title="Kricketune">Kricketune</span> restored a little HP using its Leftovers!</small></div><h2>Turn 16</h2><div class="spacer"></div><div>The opposing <span class="battle-nickname-foe" title="Bisharp">Bisharp</span> used <strong>Iron Head</strong>!</div><div><small><span class="battle-nickname" title="Kricketune">Kricketune</span> lost 78% of its health!</small><br></div><div class="spacer"></div><div><span class="battle-nickname" title="Kricketune">Kricketune</span> fainted!</div><div class="spacer"></div><div><small>The opposing <span class="battle-nickname-foe" title="Bisharp">Bisharp</span> restored a little HP using its Leftovers!</small></div><div class="spacer"></div><div>Go! Archeops!</div><h2>Turn 17</h2><div class="spacer"></div><div>The opposing <span class="battle-nickname-foe" title="Bisharp">Bisharp</span> used <strong>Sucker Punch</strong>!</div><div><small><span class="battle-nickname" title="Archeops">Archeops</span> lost 75% of its health!</small><br></div><div class="spacer"></div><div><span class="battle-nickname" title="Archeops">Archeops</span> used <strong>Earthquake</strong>!</div><div><small>It's super effective! </small><small>The opposing <span class="battle-nickname-foe" title="Bisharp">Bisharp</span> lost 35% of its health!</small><br></div><div class="spacer"></div><div><small>The opposing <span class="battle-nickname-foe" title="Bisharp">Bisharp</span> restored a little HP using its Leftovers!</small></div><h2>Turn 18</h2><div class="spacer"></div><div><span class="battle-nickname" title="Archeops">Archeops</span> used <strong>Earthquake</strong>!</div><div><small>It's super effective! </small><small>The opposing <span class="battle-nickname-foe" title="Bisharp">Bisharp</span> lost 40% of its health!</small><br></div><div class="spacer"></div><div>The opposing <span class="battle-nickname-foe" title="Bisharp">Bisharp</span> used <strong>Iron Head</strong>!</div><div><small>It's super effective! </small><small><span class="battle-nickname" title="Archeops">Archeops</span> lost 25% of its health!</small><br></div><div class="spacer"></div><div><span class="battle-nickname" title="Archeops">Archeops</span> fainted!</div><div class="spacer"></div><div><small>The opposing <span class="battle-nickname-foe" title="Bisharp">Bisharp</span> restored a little HP using its Leftovers!</small></div><div class="spacer"></div><div>Go! Ribombee!</div><h2>Turn 19</h2><div class="spacer"></div><div><span class="battle-nickname" title="Ribombee">Ribombee</span> used <strong>Bug Buzz</strong>!</div><div><small>The opposing <span class="battle-nickname-foe" title="Bisharp">Bisharp</span> lost 26% of its health!</small><br></div><div class="spacer"></div><div>The opposing <span class="battle-nickname-foe" title="Bisharp">Bisharp</span> fainted!</div><div class="spacer"></div><div>ryannnn sent out Spinda!</div><div><small>The opposing <span class="battle-nickname-foe" title="Spinda">Spinda</span> was caught in a sticky web!</small></div><div><small>The opposing <span class="battle-nickname-foe" title="Spinda">Spinda</span>'s Speed rose! </small></div><h2>Turn 20</h2><div class="spacer"></div><div><span class="battle-nickname" title="Ribombee">Ribombee</span> used <strong>Quiver Dance</strong>!</div><div><small><span class="battle-nickname" title="Ribombee">Ribombee</span>'s Special Attack rose! <span class="battle-nickname" title="Ribombee">Ribombee</span>'s Special Defense rose! <span class="battle-nickname" title="Ribombee">Ribombee</span>'s Speed rose! </small></div><div class="spacer"></div><div>The opposing <span class="battle-nickname-foe" title="Spinda">Spinda</span> used <strong>Return</strong>!</div><div><small><span class="battle-nickname" title="Ribombee">Ribombee</span> lost 58% of its health!</small><br></div><div><small>The opposing <span class="battle-nickname-foe" title="Spinda">Spinda</span> lost some of its HP!</small></div><div class="spacer"></div><div><small><span class="battle-nickname" title="Ribombee">Ribombee</span> restored a little HP using its Leftovers!</small></div><h2>Turn 21</h2><div class="spacer"></div><div><span class="battle-nickname" title="Ribombee">Ribombee</span> used <strong>Roost</strong>!</div><div><small><span class="battle-nickname" title="Ribombee">Ribombee</span> restored its HP.</small></div><div class="spacer"></div><div>The opposing <span class="battle-nickname-foe" title="Spinda">Spinda</span> used <strong>Trick Room</strong>!</div><div><small>The opposing <span class="battle-nickname-foe" title="Spinda">Spinda</span> twisted the dimensions!</small></div><div class="spacer"></div><div><small><span class="battle-nickname" title="Ribombee">Ribombee</span> restored a little HP using its Leftovers!</small></div><h2>Turn 22</h2><div class="spacer"></div><div>The opposing <span class="battle-nickname-foe" title="Spinda">Spinda</span> used <strong>Return</strong>!</div><div><small><span class="battle-nickname" title="Ribombee">Ribombee</span> lost 62% of its health!</small><br></div><div><small>The opposing <span class="battle-nickname-foe" title="Spinda">Spinda</span> lost some of its HP!</small></div><div class="spacer"></div><div><span class="battle-nickname" title="Ribombee">Ribombee</span> used <strong>Baton Pass</strong>!</div><div class="spacer"></div><div>Go! Aegislash!</div><h2>Turn 23</h2><div class="spacer"></div><div><span class="battle-nickname" title="Aegislash">Aegislash</span> used <strong>King's Shield</strong>!</div><div><small><span class="battle-nickname" title="Aegislash">Aegislash</span> protected itself!</small></div><div class="spacer"></div><div>The opposing <span class="battle-nickname-foe" title="Spinda">Spinda</span> used <strong>Sucker Punch</strong>!</div><div><small>But it failed!</small></div><h2>Turn 24</h2><div class="spacer"></div><div>The opposing <span class="battle-nickname-foe" title="Spinda">Spinda</span> used <strong>Sucker Punch</strong>!</div><div><small>It's super effective! </small><small><span class="battle-nickname" title="Aegislash">Aegislash</span> lost 30% of its health!</small><br></div><div><small>The opposing <span class="battle-nickname-foe" title="Spinda">Spinda</span> lost some of its HP!</small></div><div><small>[<span class="battle-nickname" title="Aegislash">Aegislash</span>'s Stance Change!]</small></div><div><small>Changed to Blade Forme!</small></div><div class="spacer"></div><div><span class="battle-nickname" title="Aegislash">Aegislash</span> used <strong>Hidden Power</strong>!</div><div><small>The opposing <span class="battle-nickname-foe" title="Spinda">Spinda</span> lost 56% of its health!</small><br></div><div><small><span class="battle-nickname" title="Aegislash">Aegislash</span> lost some of its HP!</small></div><h2>Turn 25</h2><div><small>[<span class="battle-nickname" title="Aegislash">Aegislash</span>'s Stance Change!]</small></div><div><small>Changed to Shield Forme!</small></div><div class="spacer"></div><div><span class="battle-nickname" title="Aegislash">Aegislash</span> used <strong>King's Shield</strong>!</div><div><small><span class="battle-nickname" title="Aegislash">Aegislash</span> protected itself!</small></div><div class="spacer"></div><div>The opposing <span class="battle-nickname-foe" title="Spinda">Spinda</span> used <strong>Sucker Punch</strong>!</div><div><small>But it failed!</small></div><div class="spacer"></div><div><small>The twisted dimensions returned to normal!</small></div><h2>Turn 26</h2><div class="spacer"></div><div>The opposing <span class="battle-nickname-foe" title="Spinda">Spinda</span> used <strong>Sucker Punch</strong>!</div><div><small>It's super effective! </small><small><span class="battle-nickname" title="Aegislash">Aegislash</span> lost 31% of its health!</small><br></div><div><small>The opposing <span class="battle-nickname-foe" title="Spinda">Spinda</span> lost some of its HP!</small></div><div><small>[<span class="battle-nickname" title="Aegislash">Aegislash</span>'s Stance Change!]</small></div><div><small>Changed to Blade Forme!</small></div><div class="spacer"></div><div><span class="battle-nickname" title="Aegislash">Aegislash</span> used <strong>Hidden Power</strong>!</div><div><small>The opposing <span class="battle-nickname-foe" title="Spinda">Spinda</span> lost 5% of its health!</small><br></div><div><small><span class="battle-nickname" title="Aegislash">Aegislash</span> lost some of its HP!</small></div><div class="spacer"></div><div>The opposing <span class="battle-nickname-foe" title="Spinda">Spinda</span> fainted!</div><div class="spacer"></div><div><span class="battle-nickname" title="Aegislash">Aegislash</span> fainted!</div><div class="spacer"></div><div>Go! Ribombee!</div><div class="spacer"></div><div>ryannnn sent out Meowstic!</div><div><small>The opposing <span class="battle-nickname-foe" title="Meowstic">Meowstic</span> was caught in a sticky web!</small></div><div><small>The opposing <span class="battle-nickname-foe" title="Meowstic">Meowstic</span>'s Speed fell! </small></div><h2>Turn 27</h2><div class="spacer"></div><div>The opposing <span class="battle-nickname-foe" title="Meowstic">Meowstic</span> used <strong>Light Screen</strong>!</div><div><small>Light Screen made the opposing team stronger against special moves!</small></div><div class="spacer"></div><div><span class="battle-nickname" title="Ribombee">Ribombee</span> used <strong>Roost</strong>!</div><div><small><span class="battle-nickname" title="Ribombee">Ribombee</span> restored its HP.</small></div><div class="spacer"></div><div><small><span class="battle-nickname" title="Ribombee">Ribombee</span> restored a little HP using its Leftovers!</small></div><h2>Turn 28</h2><div class="spacer"></div><div>The opposing <span class="battle-nickname-foe" title="Meowstic">Meowstic</span> used <strong>Toxic</strong>!</div><div><small><span class="battle-nickname" title="Ribombee">Ribombee</span> was badly poisoned!</small></div><div class="spacer"></div><div><span class="battle-nickname" title="Ribombee">Ribombee</span> used <strong>Quiver Dance</strong>!</div><div><small><span class="battle-nickname" title="Ribombee">Ribombee</span>'s Special Attack rose! <span class="battle-nickname" title="Ribombee">Ribombee</span>'s Special Defense rose! <span class="battle-nickname" title="Ribombee">Ribombee</span>'s Speed rose! </small></div><div class="spacer"></div><div><small><span class="battle-nickname" title="Ribombee">Ribombee</span> restored a little HP using its Leftovers!</small></div><div><small><span class="battle-nickname" title="Ribombee">Ribombee</span> was hurt by poison!</small></div><h2>Turn 29</h2><div class="spacer"></div><div><span class="battle-nickname" title="Ribombee">Ribombee</span> used <strong>Bug Buzz</strong>!</div><div><small>It's super effective! </small><small>The opposing <span class="battle-nickname-foe" title="Meowstic">Meowstic</span> lost 53% of its health!</small><br></div><div class="spacer"></div><div>The opposing <span class="battle-nickname-foe" title="Meowstic">Meowstic</span> used <strong>Psychic</strong>!</div><div><small><span class="battle-nickname" title="Ribombee">Ribombee</span> lost 34% of its health!</small><br></div><div class="spacer"></div><div><small><span class="battle-nickname" title="Ribombee">Ribombee</span> restored a little HP using its Leftovers!</small></div><div><small><span class="battle-nickname" title="Ribombee">Ribombee</span> was hurt by poison!</small></div><h2>Turn 30</h2><div class="spacer"></div><div><span class="battle-nickname" title="Ribombee">Ribombee</span> used <strong>Bug Buzz</strong>!</div><div><small>It's super effective! </small><small>The opposing <span class="battle-nickname-foe" title="Meowstic">Meowstic</span> lost 47% of its health!</small><br></div><div class="spacer"></div><div>The opposing <span class="battle-nickname-foe" title="Meowstic">Meowstic</span> fainted!</div><div class="spacer"></div><div><small><span class="battle-nickname" title="Ribombee">Ribombee</span> restored a little HP using its Leftovers!</small></div><div><small><span class="battle-nickname" title="Ribombee">Ribombee</span> was hurt by poison!</small></div><div class="spacer"></div><div>ryannnn sent out Jynx!</div><div><small>The opposing <span class="battle-nickname-foe" title="Jynx">Jynx</span> was caught in a sticky web!</small></div><div><small>The opposing <span class="battle-nickname-foe" title="Jynx">Jynx</span>'s Speed fell! </small></div><h2>Turn 31</h2><div class="spacer"></div><div><span class="battle-nickname" title="Ribombee">Ribombee</span> used <strong>Bug Buzz</strong>!</div><div><small>It's super effective! </small><small>The opposing <span class="battle-nickname-foe" title="Jynx">Jynx</span> lost 47% of its health!</small><br></div><div class="spacer"></div><div>The opposing <span class="battle-nickname-foe" title="Jynx">Jynx</span> used <strong>Psyshock</strong>!</div><div><small>A critical hit! </small><small><span class="battle-nickname" title="Ribombee">Ribombee</span> lost 42% of its health!</small><br></div><div class="spacer"></div><div><span class="battle-nickname" title="Ribombee">Ribombee</span> fainted!</div><div class="spacer"></div><div><small>The opposing <span class="battle-nickname-foe" title="Jynx">Jynx</span> restored a little HP using its Leftovers!</small></div><div class="spacer"></div><div>Go! Luxray!</div><div><small>[<span class="battle-nickname" title="Luxray">Luxray</span>'s Intimidate!]</small></div><div><small>The opposing <span class="battle-nickname-foe" title="Jynx">Jynx</span>'s Attack fell! </small></div><h2>Turn 32</h2><div class="spacer"></div><div><span class="battle-nickname" title="Luxray">Luxray</span> used <strong>Wild Charge</strong>!</div><div><small>The opposing <span class="battle-nickname-foe" title="Jynx">Jynx</span> lost 47% of its health!</small><br></div><div><small><span class="battle-nickname" title="Luxray">Luxray</span> is damaged by the recoil!</small></div><div class="spacer"></div><div>The opposing <span class="battle-nickname-foe" title="Jynx">Jynx</span> fainted!</div><div class="spacer"></div><div>mehMay won the battle!</div><div class="chat"><small>ryannnn left.</small></div><div class="chat">mehMay's rating: 1858 → <strong>1880</strong><br>(+22 for winning)</div><div class="chat">ryannnn's rating: 1893 → <strong>1871</strong><br>(-22 for losing)</div></div></div>
</div>
<script>
var daily = Math.floor(Date.now()/1000/60/60/24);document.write('<script src="https://play.pokemonshowdown.com/js/replay-embed.js?version'+daily+'"></'+'script>');
</script>
