<!DOCTYPE html>
<meta charset="utf-8" />
<!-- version 1 -->
<title>[Gen 7] Random Battle replay: HibariDann vs. AngelE53</title>
<style>
html,body {font-family:Verdana, sans-serif;font-size:10pt;margin:0;padding:0;}body{padding:12px 0;} .battle-log {font-family:Verdana, sans-serif;font-size:10pt;} .battle-log-inline {border:1px solid #AAAAAA;background:#EEF2F5;color:black;max-width:640px;margin:0 auto 80px;padding-bottom:5px;} .battle-log .inner {padding:4px 8px 0px 8px;} .battle-log .inner-preempt {padding:0 8px 4px 8px;} .battle-log .inner-after {margin-top:0.5em;} .battle-log h2 {margin:0.5em -8px;padding:4px 8px;border:1px solid #AAAAAA;background:#E0E7EA;border-left:0;border-right:0;font-family:Verdana, sans-serif;font-size:13pt;} .battle-log .chat {vertical-align:middle;padding:3px 0 3px 0;font-size:8pt;} .battle-log .chat strong {color:#40576A;} .battle-log .chat em {padding:1px 4px 1px 3px;color:#000000;font-style:normal;} .chat.mine {background:rgba(0,0,0,0.05);margin-left:-8px;margin-right:-8px;padding-left:8px;padding-right:8px;} .spoiler {color:#BBBBBB;background:#BBBBBB;padding:0px 3px;} .spoiler:hover, .spoiler:active, .spoiler-shown {color:#000000;background:#E2E2E2;padding:0px 3px;} .spoiler a {color:#BBBBBB;} .spoiler:hover a, .spoiler:active a, .spoiler-shown a {color:#2288CC;} .chat code, .chat .spoiler:hover code, .chat .spoiler:active code, .chat .spoiler-shown code {border:1px solid #C0C0C0;background:#EEEEEE;color:black;padding:0 2px;} .chat .spoiler code {border:1px solid #CCCCCC;background:#CCCCCC;color:#CCCCCC;} .battle-log .rated {padding:3px 4px;} .battle-log .rated strong {color:white;background:#89A;padding:1px 4px;border-radius:4px;} .spacer {margin-top:0.5em;} .message-announce {background:#6688AA;color:white;padding:1px 4px 2px;} .message-announce a, .broadcast-green a, .broadcast-blue a, .broadcast-red a {color:#DDEEFF;} .broadcast-green {background-color:#559955;color:white;padding:2px 4px;} .broadcast-blue {background-color:#6688AA;color:white;padding:2px 4px;} .infobox {border:1px solid #6688AA;padding:2px 4px;} .infobox-limited {max-height:200px;overflow:auto;overflow-x:hidden;} .broadcast-red {background-color:#AA5544;color:white;padding:2px 4px;} .message-learn-canlearn {font-weight:bold;color:#228822;text-decoration:underline;} .message-learn-cannotlearn {font-weight:bold;color:#CC2222;text-decoration:underline;} .message-effect-weak {font-weight:bold;color:#CC2222;} .message-effect-resist {font-weight:bold;color:#6688AA;} .message-effect-immune {font-weight:bold;color:#666666;} .message-learn-list {margin-top:0;margin-bottom:0;} .message-throttle-notice, .message-error {color:#992222;} .message-overflow, .chat small.message-overflow {font-size:0pt;} .message-overflow::before {font-size:9pt;content:'...';} .subtle {color:#3A4A66;}
</style>
<div class="wrapper replay-wrapper" style="max-width:1180px;margin:0 auto">
<input type="hidden" name="replayid" value="gen7randombattle-566580879" />
<div class="battle"></div><div class="battle-log"></div><div class="replay-controls"></div><div class="replay-controls-2"></div>
<h1 style="font-weight:normal;text-align:center"><strong>[Gen 7] Random Battle</strong><br /><a href="http://pokemonshowdown.com/users/hibaridann" class="subtle" target="_blank">HibariDann</a> vs. <a href="http://pokemonshowdown.com/users/angele53" class="subtle" target="_blank">AngelE53</a></h1>
<script type="text/plain" class="battle-log-data">|j|HibariDann
|j|AngelE53
|player|p1|HibariDann|163
|player|p2|AngelE53|154
|gametype|singles
|gen|7
|tier|[Gen 7] Random Battle
|rated
|seed|58459,50661,29962,28412,3875,31308,35366,7124,1674,40055,25123,24089
|rule|Sleep Clause Mod: Limit one foe put to sleep
|rule|HP Percentage Mod: HP is shown in percentages
|
|start
|switch|p1a: Darmanitan|Darmanitan, L77, M|100\/100
|switch|p2a: Deoxys|Deoxys-Defense, L73|100\/100
|-ability|p2a: Deoxys|Pressure
|turn|1
|choice|move uturn|move recover
|
|move|p1a: Darmanitan|U-turn|p2a: Deoxys
|-supereffective|p2a: Deoxys
|-damage|p2a: Deoxys|44\/100
|-damage|p1a: Darmanitan|91\/100|[from] item: Life Orb
|choice|switch 4|
|
|switch|p1a: Raticate|Raticate, L79, M|100\/100
|move|p2a: Deoxys|Recover|p2a: Deoxys
|-heal|p2a: Deoxys|94\/100
|
|-heal|p2a: Deoxys|100\/100|[from] item: Leftovers
|-status|p1a: Raticate|brn|[from] item: Flame Orb
|upkeep
|turn|2
|choice|move flamewheel|switch 6
|
|switch|p2a: Magearna|Magearna, L75|100\/100
|move|p1a: Raticate|Flame Wheel|p2a: Magearna
|-supereffective|p2a: Magearna
|-damage|p2a: Magearna|64\/100
|-status|p2a: Magearna|brn
|
|-heal|p2a: Magearna|70\/100 brn|[from] item: Leftovers
|-damage|p1a: Raticate|94\/100 brn|[from] brn
|-damage|p2a: Magearna|64\/100 brn|[from] brn
|upkeep
|turn|3
|choice|move flamewheel|move shiftgear
|
|move|p1a: Raticate|Flame Wheel|p2a: Magearna
|-supereffective|p2a: Magearna
|-damage|p2a: Magearna|28\/100 brn
|move|p2a: Magearna|Shift Gear|p2a: Magearna
|-boost|p2a: Magearna|spe|2
|-boost|p2a: Magearna|atk|1
|
|-heal|p2a: Magearna|35\/100 brn|[from] item: Leftovers
|-damage|p2a: Magearna|28\/100 brn|[from] brn
|-damage|p1a: Raticate|88\/100 brn|[from] brn
|upkeep
|turn|4
|choice|move flamewheel|move aurasphere
|
|move|p2a: Magearna|Aura Sphere|p1a: Raticate
|-supereffective|p1a: Raticate
|-damage|p1a: Raticate|25\/100 brn
|move|p1a: Raticate|Flame Wheel|p2a: Magearna
|-supereffective|p2a: Magearna
|-damage|p2a: Magearna|0 fnt
|faint|p2a: Magearna
|
|-damage|p1a: Raticate|19\/100 brn|[from] brn
|upkeep
|choice||switch 2
|
|switch|p2a: Ninjask|Ninjask, L79, M|100\/100
|turn|5
|choice|move facade|move leechlife
|
|move|p2a: Ninjask|Leech Life|p1a: Raticate
|-damage|p1a: Raticate|0 fnt
|faint|p1a: Raticate
|
|-ability|p2a: Ninjask|Speed Boost|boost
|-boost|p2a: Ninjask|spe|1
|upkeep
|choice|switch 5|
|
|switch|p1a: Electivire|Electivire, L79, F|100\/100
|turn|6
|choice|move icepunch|move protect
|
|move|p2a: Ninjask|Protect|p2a: Ninjask
|-singleturn|p2a: Ninjask|Protect
|move|p1a: Electivire|Ice Punch|p2a: Ninjask
|-activate|p2a: Ninjask|move: Protect
|
|-ability|p2a: Ninjask|Speed Boost|boost
|-boost|p2a: Ninjask|spe|1
|upkeep
|turn|7
|choice|move flamethrower|move batonpass
|
|move|p2a: Ninjask|Baton Pass|p2a: Ninjask
|choice||switch 3
|
|switch|p2a: Rampardos|Rampardos, L79, M|100\/100
|move|p1a: Electivire|Flamethrower|p2a: Rampardos
|-resisted|p2a: Rampardos
|-damage|p2a: Rampardos|85\/100
|-status|p2a: Rampardos|brn
|
|-damage|p2a: Rampardos|79\/100 brn|[from] brn
|upkeep
|turn|8
|choice|move earthquake|move earthquake
|
|move|p2a: Rampardos|Earthquake|p1a: Electivire
|-supereffective|p1a: Electivire
|-damage|p1a: Electivire|36\/100
|-damage|p2a: Rampardos|69\/100 brn|[from] item: Life Orb
|move|p1a: Electivire|Earthquake|p2a: Rampardos
|-supereffective|p2a: Rampardos
|-damage|p2a: Rampardos|0 fnt
|faint|p2a: Rampardos
|
|upkeep
|choice||switch 5
|
|switch|p2a: Girafarig|Girafarig, L79, M|100\/100
|turn|9
|choice|move wildcharge|move hypervoice
|
|move|p1a: Electivire|Wild Charge|p2a: Girafarig
|-damage|p2a: Girafarig|42\/100
|-damage|p1a: Electivire|21\/100|[from] recoil|[of] p2a: Girafarig
|move|p2a: Girafarig|Hyper Voice|p1a: Electivire
|-damage|p1a: Electivire|0 fnt
|-damage|p2a: Girafarig|32\/100|[from] item: Life Orb
|faint|p1a: Electivire
|
|upkeep
|choice|switch 4|
|
|switch|p1a: Darmanitan|Darmanitan, L77, M|91\/100
|turn|10
|choice|move uturn|switch 4
|
|switch|p2a: Basculin|Basculin-Blue-Striped, L79, F|100\/100
|move|p1a: Darmanitan|U-turn|p2a: Basculin
|-damage|p2a: Basculin|61\/100
|-damage|p1a: Darmanitan|81\/100|[from] item: Life Orb
|choice|switch 2|
|
|switch|p1a: Mewtwo|Mewtwo, L73|100\/100
|-ability|p1a: Mewtwo|Unnerve|p2: AngelE53
|
|upkeep
|turn|11
|choice|move psystrike mega|move headsmash
|
|detailschange|p1a: Mewtwo|Mewtwo-Mega-Y, L73
|-mega|p1a: Mewtwo|Mewtwo|Mewtwonite Y
|move|p1a: Mewtwo|Psystrike|p2a: Basculin
|-damage|p2a: Basculin|0 fnt
|faint|p2a: Basculin
|
|upkeep
|choice||switch 6
|
|switch|p2a: Deoxys|Deoxys-Defense, L73|100\/100
|-ability|p2a: Deoxys|Pressure
|turn|12
|choice|move willowisp|move toxic
|
|move|p1a: Mewtwo|Will-O-Wisp|p2a: Deoxys|[miss]
|-miss|p1a: Mewtwo|p2a: Deoxys
|move|p2a: Deoxys|Toxic|p1a: Mewtwo
|-status|p1a: Mewtwo|tox
|
|-damage|p1a: Mewtwo|94\/100 tox|[from] psn
|upkeep
|turn|13
|choice|move shadowball|move seismictoss
|
|move|p1a: Mewtwo|Shadow Ball|p2a: Deoxys
|-supereffective|p2a: Deoxys
|-damage|p2a: Deoxys|41\/100
|move|p2a: Deoxys|Seismic Toss|p1a: Mewtwo
|-damage|p1a: Mewtwo|68\/100 tox
|
|-heal|p2a: Deoxys|48\/100|[from] item: Leftovers
|-damage|p1a: Mewtwo|55\/100 tox|[from] psn
|upkeep
|turn|14
|choice|move shadowball|switch 4
|
|switch|p2a: Girafarig|Girafarig, L79, M|32\/100
|move|p1a: Mewtwo|Shadow Ball|p2a: Girafarig
|-immune|p2a: Girafarig|[msg]
|
|-damage|p1a: Mewtwo|37\/100 tox|[from] psn
|upkeep
|turn|15
|choice|switch 6|switch 4
|
|switch|p1a: Terrakion|Terrakion, L77|100\/100
|switch|p2a: Deoxys|Deoxys-Defense, L73|48\/100
|-ability|p2a: Deoxys|Pressure
|
|-heal|p2a: Deoxys|54\/100|[from] item: Leftovers
|upkeep
|turn|16
|choice|move stoneedge|move recover
|
|move|p1a: Terrakion|Stone Edge|p2a: Deoxys
|-damage|p2a: Deoxys|11\/100
|move|p2a: Deoxys|Recover|p2a: Deoxys
|-heal|p2a: Deoxys|62\/100
|
|-heal|p2a: Deoxys|68\/100|[from] item: Leftovers
|upkeep
|turn|17
|choice|move substitute|move recover
|
|move|p1a: Terrakion|Substitute|p1a: Terrakion
|-start|p1a: Terrakion|Substitute
|-damage|p1a: Terrakion|76\/100
|move|p2a: Deoxys|Recover|p2a: Deoxys
|-heal|p2a: Deoxys|100\/100
|
|-heal|p1a: Terrakion|82\/100|[from] item: Leftovers
|upkeep
|turn|18
|choice|move stoneedge|move seismictoss
|
|move|p1a: Terrakion|Stone Edge|p2a: Deoxys|[miss]
|-miss|p1a: Terrakion|p2a: Deoxys
|move|p2a: Deoxys|Seismic Toss|p1a: Terrakion
|-end|p1a: Terrakion|Substitute
|
|-heal|p1a: Terrakion|88\/100|[from] item: Leftovers
|upkeep
|turn|19
|choice|move stoneedge|move seismictoss
|
|move|p1a: Terrakion|Stone Edge|p2a: Deoxys|[miss]
|-miss|p1a: Terrakion|p2a: Deoxys
|move|p2a: Deoxys|Seismic Toss|p1a: Terrakion
|-damage|p1a: Terrakion|60\/100
|
|-heal|p1a: Terrakion|66\/100|[from] item: Leftovers
|upkeep
|turn|20
|choice|move stoneedge|move seismictoss
|
|move|p1a: Terrakion|Stone Edge|p2a: Deoxys
|-damage|p2a: Deoxys|63\/100
|move|p2a: Deoxys|Seismic Toss|p1a: Terrakion
|-damage|p1a: Terrakion|39\/100
|
|-heal|p1a: Terrakion|45\/100|[from] item: Leftovers
|-heal|p2a: Deoxys|69\/100|[from] item: Leftovers
|upkeep
|turn|21
|choice|move earthquake|move seismictoss
|
|move|p1a: Terrakion|Earthquake|p2a: Deoxys
|-damage|p2a: Deoxys|41\/100
|move|p2a: Deoxys|Seismic Toss|p1a: Terrakion
|-damage|p1a: Terrakion|18\/100
|
|-heal|p1a: Terrakion|24\/100|[from] item: Leftovers
|-heal|p2a: Deoxys|48\/100|[from] item: Leftovers
|upkeep
|turn|22
|choice|move closecombat|switch 3
|
|switch|p2a: Ninjask|Ninjask, L79, M|100\/100
|move|p1a: Terrakion|Close Combat|p2a: Ninjask
|-resisted|p2a: Ninjask
|-damage|p2a: Ninjask|77\/100
|-unboost|p1a: Terrakion|def|1
|-unboost|p1a: Terrakion|spd|1
|
|-heal|p2a: Ninjask|84\/100|[from] item: Leftovers
|-heal|p1a: Terrakion|30\/100|[from] item: Leftovers
|upkeep
|turn|23
|choice|move closecombat|move protect
|
|move|p2a: Ninjask|Protect|p2a: Ninjask
|-singleturn|p2a: Ninjask|Protect
|move|p1a: Terrakion|Close Combat|p2a: Ninjask
|-activate|p2a: Ninjask|move: Protect
|
|-heal|p2a: Ninjask|90\/100|[from] item: Leftovers
|-heal|p1a: Terrakion|36\/100|[from] item: Leftovers
|-ability|p2a: Ninjask|Speed Boost|boost
|-boost|p2a: Ninjask|spe|1
|upkeep
|turn|24
|choice|switch 6|move substitute
|
|switch|p1a: Mewtwo|Mewtwo-Mega-Y, L73|37\/100 tox
|move|p2a: Ninjask|Substitute|p2a: Ninjask
|-start|p2a: Ninjask|Substitute
|-damage|p2a: Ninjask|65\/100
|
|-heal|p2a: Ninjask|71\/100|[from] item: Leftovers
|-damage|p1a: Mewtwo|31\/100 tox|[from] psn
|-ability|p2a: Ninjask|Speed Boost|boost
|-boost|p2a: Ninjask|spe|1
|upkeep
|turn|25
|choice|move shadowball|move leechlife
|
|move|p2a: Ninjask|Leech Life|p1a: Mewtwo
|-supereffective|p1a: Mewtwo
|-damage|p1a: Mewtwo|0 fnt
|-heal|p2a: Ninjask|90\/100|[from] drain|[of] p1a: Mewtwo
|faint|p1a: Mewtwo
|
|-heal|p2a: Ninjask|96\/100|[from] item: Leftovers
|-ability|p2a: Ninjask|Speed Boost|boost
|-boost|p2a: Ninjask|spe|1
|upkeep
|choice|switch 3|
|
|switch|p1a: Wishiwashi|Wishiwashi, L79, F|100\/100
|-formechange|p1a: Wishiwashi|Wishiwashi-School|[from] ability: Schooling
|turn|26
|choice|move icebeam|move leechlife
|
|move|p2a: Ninjask|Leech Life|p1a: Wishiwashi
|-damage|p1a: Wishiwashi|74\/100
|-heal|p2a: Ninjask|100\/100|[from] drain|[of] p1a: Wishiwashi
|move|p1a: Wishiwashi|Ice Beam|p2a: Ninjask
|-supereffective|p2a: Ninjask
|-end|p2a: Ninjask|Substitute
|
|-ability|p2a: Ninjask|Speed Boost|boost
|-boost|p2a: Ninjask|spe|1
|upkeep
|turn|27
|choice|move scald|move batonpass
|
|move|p2a: Ninjask|Baton Pass|p2a: Ninjask
|choice||switch 3
|
|switch|p2a: Deoxys|Deoxys-Defense, L73|48\/100
|-ability|p2a: Deoxys|Pressure
|move|p1a: Wishiwashi|Scald|p2a: Deoxys
|-damage|p2a: Deoxys|10\/100
|
|-heal|p2a: Deoxys|17\/100|[from] item: Leftovers
|upkeep
|turn|28
|choice|move scald|move recover
|
|move|p2a: Deoxys|Recover|p2a: Deoxys
|-heal|p2a: Deoxys|67\/100
|move|p1a: Wishiwashi|Scald|p2a: Deoxys
|-damage|p2a: Deoxys|27\/100
|
|-heal|p2a: Deoxys|34\/100|[from] item: Leftovers
|upkeep
|turn|29
|choice|move scald|move recover
|
|move|p2a: Deoxys|Recover|p2a: Deoxys
|-heal|p2a: Deoxys|84\/100
|move|p1a: Wishiwashi|Scald|p2a: Deoxys
|-damage|p2a: Deoxys|49\/100
|
|-heal|p2a: Deoxys|55\/100|[from] item: Leftovers
|upkeep
|turn|30
|choice|move icebeam|move toxic
|
|move|p2a: Deoxys|Toxic|p1a: Wishiwashi
|-status|p1a: Wishiwashi|tox
|move|p1a: Wishiwashi|Ice Beam|p2a: Deoxys
|-damage|p2a: Deoxys|26\/100
|
|-heal|p2a: Deoxys|32\/100|[from] item: Leftovers
|-damage|p1a: Wishiwashi|68\/100 tox|[from] psn
|upkeep
|turn|31
|choice|move scald|move recover
|
|move|p2a: Deoxys|Recover|p2a: Deoxys
|-heal|p2a: Deoxys|82\/100
|move|p1a: Wishiwashi|Scald|p2a: Deoxys
|-damage|p2a: Deoxys|41\/100
|
|-heal|p2a: Deoxys|48\/100|[from] item: Leftovers
|-damage|p1a: Wishiwashi|56\/100 tox|[from] psn
|upkeep
|turn|32
|choice|switch 6|move recover
|
|switch|p1a: Terrakion|Terrakion, L77|36\/100
|move|p2a: Deoxys|Recover|p2a: Deoxys
|-heal|p2a: Deoxys|98\/100
|
|-heal|p2a: Deoxys|100\/100|[from] item: Leftovers
|-heal|p1a: Terrakion|42\/100|[from] item: Leftovers
|upkeep
|turn|33
|choice|move earthquake|move seismictoss
|
|move|p2a: Deoxys|Seismic Toss|p1a: Terrakion
|-damage|p1a: Terrakion|14\/100
|move|p1a: Terrakion|Earthquake|p2a: Deoxys
|-damage|p2a: Deoxys|71\/100
|
|-heal|p2a: Deoxys|78\/100|[from] item: Leftovers
|-heal|p1a: Terrakion|20\/100|[from] item: Leftovers
|upkeep
|turn|34
|choice|move earthquake|move seismictoss
|
|move|p2a: Deoxys|Seismic Toss|p1a: Terrakion
|-damage|p1a: Terrakion|0 fnt
|faint|p1a: Terrakion
|
|-heal|p2a: Deoxys|84\/100|[from] item: Leftovers
|upkeep
|choice|switch 2|
|
|switch|p1a: Darmanitan|Darmanitan, L77, M|81\/100
|turn|35
|choice|move uturn|move recover
|
|move|p2a: Deoxys|Recover|p2a: Deoxys
|-heal|p2a: Deoxys|100\/100
|move|p1a: Darmanitan|U-turn|p2a: Deoxys
|-supereffective|p2a: Deoxys
|-damage|p2a: Deoxys|41\/100
|-damage|p1a: Darmanitan|71\/100|[from] item: Life Orb
|choice|switch 6|
|
|switch|p1a: Wishiwashi|Wishiwashi, L79, F|56\/100 tox
|-formechange|p1a: Wishiwashi|Wishiwashi-School|[from] ability: Schooling
|
|-heal|p2a: Deoxys|48\/100|[from] item: Leftovers
|-damage|p1a: Wishiwashi|50\/100 tox|[from] psn
|upkeep
|turn|36
|choice|move scald|move recover
|
|move|p2a: Deoxys|Recover|p2a: Deoxys
|-heal|p2a: Deoxys|98\/100
|move|p1a: Wishiwashi|Scald|p2a: Deoxys
|-damage|p2a: Deoxys|59\/100
|
|-heal|p2a: Deoxys|65\/100|[from] item: Leftovers
|-damage|p1a: Wishiwashi|38\/100 tox|[from] psn
|upkeep
|turn|37
|choice|move icebeam|move seismictoss
|
|move|p2a: Deoxys|Seismic Toss|p1a: Wishiwashi
|-damage|p1a: Wishiwashi|1\/100 tox
|move|p1a: Wishiwashi|Ice Beam|p2a: Deoxys
|-damage|p2a: Deoxys|38\/100
|
|-heal|p2a: Deoxys|45\/100|[from] item: Leftovers
|-damage|p1a: Wishiwashi|0 fnt|[from] psn
|upkeep
|faint|p1a: Wishiwashi
|choice|switch 6|
|
|switch|p1a: Darmanitan|Darmanitan, L77, M|71\/100
|turn|38
|choice|move uturn|move recover
|
|move|p2a: Deoxys|Recover|p2a: Deoxys
|-heal|p2a: Deoxys|95\/100
|move|p1a: Darmanitan|U-turn|p2a: Deoxys
|-supereffective|p2a: Deoxys
|-damage|p2a: Deoxys|37\/100
|-damage|p1a: Darmanitan|61\/100|[from] item: Life Orb
|
|-heal|p2a: Deoxys|43\/100|[from] item: Leftovers
|upkeep
|turn|39
|choice|move uturn|move recover
|
|move|p2a: Deoxys|Recover|p2a: Deoxys
|-heal|p2a: Deoxys|93\/100
|move|p1a: Darmanitan|U-turn|p2a: Deoxys
|-supereffective|p2a: Deoxys
|-damage|p2a: Deoxys|41\/100
|-damage|p1a: Darmanitan|52\/100|[from] item: Life Orb
|
|-heal|p2a: Deoxys|47\/100|[from] item: Leftovers
|upkeep
|turn|40
|choice|move flareblitz|move recover
|
|move|p2a: Deoxys|Recover|p2a: Deoxys
|-heal|p2a: Deoxys|97\/100
|move|p1a: Darmanitan|Flare Blitz|p2a: Deoxys
|-damage|p2a: Deoxys|5\/100
|-damage|p1a: Darmanitan|31\/100|[from] recoil|[of] p2a: Deoxys
|
|-heal|p2a: Deoxys|11\/100|[from] item: Leftovers
|upkeep
|turn|41
|c|☆HibariDann|:v
|choice|move uturn|move seismictoss
|
|move|p2a: Deoxys|Seismic Toss|p1a: Darmanitan
|-damage|p1a: Darmanitan|6\/100
|move|p1a: Darmanitan|U-turn|p2a: Deoxys
|-supereffective|p2a: Deoxys
|-damage|p2a: Deoxys|0 fnt
|-damage|p1a: Darmanitan|0 fnt|[from] item: Life Orb
|faint|p2a: Deoxys
|faint|p1a: Darmanitan
|
|win|AngelE53
|l|HibariDann
|raw|HibariDann's rating: 1240 &rarr; <strong>1219<\/strong><br \/>(-21 for losing)
|raw|AngelE53's rating: 1301 &rarr; <strong>1318<\/strong><br \/>(+17 for winning)</script>
</div>
<div class="battle-log battle-log-inline"><div class="inner"><div class="chat"><small>HibariDann joined.</small></div><div class="chat"><small>AngelE53 joined.</small></div><div style="padding:5px 0"><small>Format:</small> <br><strong>[Gen 7] Random Battle</strong></div><div class="rated"><strong>Rated battle</strong></div><div><small><em>Sleep Clause Mod:</em> Limit one foe put to sleep</small></div><div><small><em>HP Percentage Mod:</em> HP is shown in percentages</small></div><div>Battle between HibariDann and AngelE53 started!</div><div class="spacer"></div><div>Go! Darmanitan!</div><div class="spacer"></div><div>AngelE53 sent out <span class="battle-nickname-foe" title="Deoxys-Defense">Deoxys <small>(Deoxys-Defense)</small></span>!</div><div><small>[Opposing <span class="battle-nickname-foe" title="Deoxys-Defense">Deoxys</span>'s Pressure!]</small></div><div><small>The opposing <span class="battle-nickname-foe" title="Deoxys-Defense">Deoxys</span> is exerting its pressure!</small></div><h2>Turn 1</h2><div class="spacer"></div><div><span class="battle-nickname" title="Darmanitan">Darmanitan</span> used <strong>U-turn</strong>!</div><div><small>It's super effective! </small><small>The opposing <span class="battle-nickname-foe" title="Deoxys-Defense">Deoxys</span> lost 56% of its health!</small><br></div><div><small><span class="battle-nickname" title="Darmanitan">Darmanitan</span> lost some of its HP!</small></div><div class="spacer"></div><div><span class="battle-nickname" title="Darmanitan">Darmanitan</span> went back to HibariDann!</div><div class="spacer"></div><div>Go! Raticate!</div><div class="spacer"></div><div>The opposing <span class="battle-nickname-foe" title="Deoxys-Defense">Deoxys</span> used <strong>Recover</strong>!</div><div><small>The opposing <span class="battle-nickname-foe" title="Deoxys-Defense">Deoxys</span> restored its HP.</small></div><div class="spacer"></div><div><small>The opposing <span class="battle-nickname-foe" title="Deoxys-Defense">Deoxys</span> restored a little HP using its Leftovers!</small></div><div><small><span class="battle-nickname" title="Raticate">Raticate</span> was burned by the Flame Orb!</small></div><h2>Turn 2</h2><div class="spacer"></div><div>AngelE53 withdrew <span class="battle-nickname-foe" title="Deoxys-Defense">Deoxys <small>(Deoxys-Defense)</small></span>!</div><div class="spacer"></div><div>AngelE53 sent out Magearna!</div><div class="spacer"></div><div><span class="battle-nickname" title="Raticate">Raticate</span> used <strong>Flame Wheel</strong>!</div><div><small>It's super effective! </small><small>The opposing <span class="battle-nickname-foe" title="Magearna">Magearna</span> lost 36% of its health!</small><br></div><div><small>The opposing <span class="battle-nickname-foe" title="Magearna">Magearna</span> was burned!</small></div><div class="spacer"></div><div><small>The opposing <span class="battle-nickname-foe" title="Magearna">Magearna</span> restored a little HP using its Leftovers!</small></div><div><small><span class="battle-nickname" title="Raticate">Raticate</span> was hurt by its burn!</small></div><div><small>The opposing <span class="battle-nickname-foe" title="Magearna">Magearna</span> was hurt by its burn!</small></div><h2>Turn 3</h2><div class="spacer"></div><div><span class="battle-nickname" title="Raticate">Raticate</span> used <strong>Flame Wheel</strong>!</div><div><small>It's super effective! </small><small>The opposing <span class="battle-nickname-foe" title="Magearna">Magearna</span> lost 36% of its health!</small><br></div><div class="spacer"></div><div>The opposing <span class="battle-nickname-foe" title="Magearna">Magearna</span> used <strong>Shift Gear</strong>!</div><div><small>The opposing <span class="battle-nickname-foe" title="Magearna">Magearna</span>'s Speed rose sharply! The opposing <span class="battle-nickname-foe" title="Magearna">Magearna</span>'s Attack rose! </small></div><div class="spacer"></div><div><small>The opposing <span class="battle-nickname-foe" title="Magearna">Magearna</span> restored a little HP using its Leftovers!</small></div><div><small>The opposing <span class="battle-nickname-foe" title="Magearna">Magearna</span> was hurt by its burn!</small></div><div><small><span class="battle-nickname" title="Raticate">Raticate</span> was hurt by its burn!</small></div><h2>Turn 4</h2><div class="spacer"></div><div>The opposing <span class="battle-nickname-foe" title="Magearna">Magearna</span> used <strong>Aura Sphere</strong>!</div><div><small>It's super effective! </small><small><span class="battle-nickname" title="Raticate">Raticate</span> lost 63% of its health!</small><br></div><div class="spacer"></div><div><span class="battle-nickname" title="Raticate">Raticate</span> used <strong>Flame Wheel</strong>!</div><div><small>It's super effective! </small><small>The opposing <span class="battle-nickname-foe" title="Magearna">Magearna</span> lost 28% of its health!</small><br></div><div class="spacer"></div><div>The opposing <span class="battle-nickname-foe" title="Magearna">Magearna</span> fainted!</div><div class="spacer"></div><div><small><span class="battle-nickname" title="Raticate">Raticate</span> was hurt by its burn!</small></div><div class="spacer"></div><div>AngelE53 sent out Ninjask!</div><h2>Turn 5</h2><div class="spacer"></div><div>The opposing <span class="battle-nickname-foe" title="Ninjask">Ninjask</span> used <strong>Leech Life</strong>!</div><div><small><span class="battle-nickname" title="Raticate">Raticate</span> lost 19% of its health!</small><br></div><div class="spacer"></div><div><span class="battle-nickname" title="Raticate">Raticate</span> fainted!</div><div><small>[Opposing <span class="battle-nickname-foe" title="Ninjask">Ninjask</span>'s Speed Boost!]</small></div><div><small>The opposing <span class="battle-nickname-foe" title="Ninjask">Ninjask</span>'s Speed rose! </small></div><div class="spacer"></div><div>Go! Electivire!</div><h2>Turn 6</h2><div class="spacer"></div><div>The opposing <span class="battle-nickname-foe" title="Ninjask">Ninjask</span> used <strong>Protect</strong>!</div><div><small>The opposing <span class="battle-nickname-foe" title="Ninjask">Ninjask</span> protected itself!</small></div><div class="spacer"></div><div><span class="battle-nickname" title="Electivire">Electivire</span> used <strong>Ice Punch</strong>!</div><div><small>The opposing <span class="battle-nickname-foe" title="Ninjask">Ninjask</span> protected itself!</small></div><div><small>[Opposing <span class="battle-nickname-foe" title="Ninjask">Ninjask</span>'s Speed Boost!]</small></div><div><small>The opposing <span class="battle-nickname-foe" title="Ninjask">Ninjask</span>'s Speed rose! </small></div><h2>Turn 7</h2><div class="spacer"></div><div>The opposing <span class="battle-nickname-foe" title="Ninjask">Ninjask</span> used <strong>Baton Pass</strong>!</div><div class="spacer"></div><div>AngelE53 sent out Rampardos!</div><div class="spacer"></div><div><span class="battle-nickname" title="Electivire">Electivire</span> used <strong>Flamethrower</strong>!</div><div><small>It's not very effective... </small><small>The opposing <span class="battle-nickname-foe" title="Rampardos">Rampardos</span> lost 15% of its health!</small><br></div><div><small>The opposing <span class="battle-nickname-foe" title="Rampardos">Rampardos</span> was burned!</small></div><div class="spacer"></div><div><small>The opposing <span class="battle-nickname-foe" title="Rampardos">Rampardos</span> was hurt by its burn!</small></div><h2>Turn 8</h2><div class="spacer"></div><div>The opposing <span class="battle-nickname-foe" title="Rampardos">Rampardos</span> used <strong>Earthquake</strong>!</div><div><small>It's super effective! </small><small><span class="battle-nickname" title="Electivire">Electivire</span> lost 64% of its health!</small><br></div><div><small>The opposing <span class="battle-nickname-foe" title="Rampardos">Rampardos</span> lost some of its HP!</small></div><div class="spacer"></div><div><span class="battle-nickname" title="Electivire">Electivire</span> used <strong>Earthquake</strong>!</div><div><small>It's super effective! </small><small>The opposing <span class="battle-nickname-foe" title="Rampardos">Rampardos</span> lost 69% of its health!</small><br></div><div class="spacer"></div><div>The opposing <span class="battle-nickname-foe" title="Rampardos">Rampardos</span> fainted!</div><div class="spacer"></div><div>AngelE53 sent out Girafarig!</div><h2>Turn 9</h2><div class="spacer"></div><div><span class="battle-nickname" title="Electivire">Electivire</span> used <strong>Wild Charge</strong>!</div><div><small>The opposing <span class="battle-nickname-foe" title="Girafarig">Girafarig</span> lost 58% of its health!</small><br></div><div><small><span class="battle-nickname" title="Electivire">Electivire</span> is damaged by the recoil!</small></div><div class="spacer"></div><div>The opposing <span class="battle-nickname-foe" title="Girafarig">Girafarig</span> used <strong>Hyper Voice</strong>!</div><div><small><span class="battle-nickname" title="Electivire">Electivire</span> lost 21% of its health!</small><br></div><div><small>The opposing <span class="battle-nickname-foe" title="Girafarig">Girafarig</span> lost some of its HP!</small></div><div class="spacer"></div><div><span class="battle-nickname" title="Electivire">Electivire</span> fainted!</div><div class="spacer"></div><div>Go! Darmanitan!</div><h2>Turn 10</h2><div class="spacer"></div><div>AngelE53 withdrew Girafarig!</div><div class="spacer"></div><div>AngelE53 sent out <span class="battle-nickname-foe" title="Basculin-Blue-Striped">Basculin <small>(Basculin-Blue-Striped)</small></span>!</div><div class="spacer"></div><div><span class="battle-nickname" title="Darmanitan">Darmanitan</span> used <strong>U-turn</strong>!</div><div><small>The opposing <span class="battle-nickname-foe" title="Basculin-Blue-Striped">Basculin</span> lost 39% of its health!</small><br></div><div><small><span class="battle-nickname" title="Darmanitan">Darmanitan</span> lost some of its HP!</small></div><div class="spacer"></div><div><span class="battle-nickname" title="Darmanitan">Darmanitan</span> went back to HibariDann!</div><div class="spacer"></div><div>Go! Mewtwo!</div><div><small>[<span class="battle-nickname" title="Mewtwo">Mewtwo</span>'s Unnerve!]</small></div><div><small>The opposing team is too nervous to eat Berries!</small></div><h2>Turn 11</h2><div class="spacer"></div><div><small><span class="battle-nickname" title="Mewtwo-Mega-Y">Mewtwo</span>'s Mewtwonite Y is reacting to HibariDann's Mega Bracelet!<br><span class="battle-nickname" title="Mewtwo-Mega-Y">Mewtwo</span> has Mega Evolved into Mega Mewtwo!</small></div><div class="spacer"></div><div><span class="battle-nickname" title="Mewtwo-Mega-Y">Mewtwo</span> used <strong>Psystrike</strong>!</div><div><small>The opposing <span class="battle-nickname-foe" title="Basculin-Blue-Striped">Basculin</span> lost 61% of its health!</small><br></div><div class="spacer"></div><div>The opposing <span class="battle-nickname-foe" title="Basculin-Blue-Striped">Basculin</span> fainted!</div><div class="spacer"></div><div>AngelE53 sent out <span class="battle-nickname-foe" title="Deoxys-Defense">Deoxys <small>(Deoxys-Defense)</small></span>!</div><div><small>[Opposing <span class="battle-nickname-foe" title="Deoxys-Defense">Deoxys</span>'s Pressure!]</small></div><div><small>The opposing <span class="battle-nickname-foe" title="Deoxys-Defense">Deoxys</span> is exerting its pressure!</small></div><h2>Turn 12</h2><div class="spacer"></div><div><span class="battle-nickname" title="Mewtwo-Mega-Y">Mewtwo</span> used <strong>Will-O-Wisp</strong>!</div><div><small>The opposing <span class="battle-nickname-foe" title="Deoxys-Defense">Deoxys</span> avoided the attack!</small></div><div class="spacer"></div><div>The opposing <span class="battle-nickname-foe" title="Deoxys-Defense">Deoxys</span> used <strong>Toxic</strong>!</div><div><small><span class="battle-nickname" title="Mewtwo-Mega-Y">Mewtwo</span> was badly poisoned!</small></div><div class="spacer"></div><div><small><span class="battle-nickname" title="Mewtwo-Mega-Y">Mewtwo</span> was hurt by poison!</small></div><h2>Turn 13</h2><div class="spacer"></div><div><span class="battle-nickname" title="Mewtwo-Mega-Y">Mewtwo</span> used <strong>Shadow Ball</strong>!</div><div><small>It's super effective! </small><small>The opposing <span class="battle-nickname-foe" title="Deoxys-Defense">Deoxys</span> lost 59% of its health!</small><br></div><div class="spacer"></div><div>The opposing <span class="battle-nickname-foe" title="Deoxys-Defense">Deoxys</span> used <strong>Seismic Toss</strong>!</div><div><small><span class="battle-nickname" title="Mewtwo-Mega-Y">Mewtwo</span> lost 26% of its health!</small><br></div><div class="spacer"></div><div><small>The opposing <span class="battle-nickname-foe" title="Deoxys-Defense">Deoxys</span> restored a little HP using its Leftovers!</small></div><div><small><span class="battle-nickname" title="Mewtwo-Mega-Y">Mewtwo</span> was hurt by poison!</small></div><h2>Turn 14</h2><div class="spacer"></div><div>AngelE53 withdrew <span class="battle-nickname-foe" title="Deoxys-Defense">Deoxys <small>(Deoxys-Defense)</small></span>!</div><div class="spacer"></div><div>AngelE53 sent out Girafarig!</div><div class="spacer"></div><div><span class="battle-nickname" title="Mewtwo-Mega-Y">Mewtwo</span> used <strong>Shadow Ball</strong>!</div><div><small>It doesn't affect the opposing <span class="battle-nickname-foe" title="Girafarig">Girafarig</span>... </small></div><div class="spacer"></div><div><small><span class="battle-nickname" title="Mewtwo-Mega-Y">Mewtwo</span> was hurt by poison!</small></div><h2>Turn 15</h2><div class="spacer"></div><div><span class="battle-nickname" title="Mewtwo-Mega-Y">Mewtwo</span>, come back!</div><div class="spacer"></div><div>Go! Terrakion!</div><div class="spacer"></div><div>AngelE53 withdrew Girafarig!</div><div class="spacer"></div><div>AngelE53 sent out <span class="battle-nickname-foe" title="Deoxys-Defense">Deoxys <small>(Deoxys-Defense)</small></span>!</div><div><small>[Opposing <span class="battle-nickname-foe" title="Deoxys-Defense">Deoxys</span>'s Pressure!]</small></div><div><small>The opposing <span class="battle-nickname-foe" title="Deoxys-Defense">Deoxys</span> is exerting its pressure!</small></div><div class="spacer"></div><div><small>The opposing <span class="battle-nickname-foe" title="Deoxys-Defense">Deoxys</span> restored a little HP using its Leftovers!</small></div><h2>Turn 16</h2><div class="spacer"></div><div><span class="battle-nickname" title="Terrakion">Terrakion</span> used <strong>Stone Edge</strong>!</div><div><small>The opposing <span class="battle-nickname-foe" title="Deoxys-Defense">Deoxys</span> lost 43% of its health!</small><br></div><div class="spacer"></div><div>The opposing <span class="battle-nickname-foe" title="Deoxys-Defense">Deoxys</span> used <strong>Recover</strong>!</div><div><small>The opposing <span class="battle-nickname-foe" title="Deoxys-Defense">Deoxys</span> restored its HP.</small></div><div class="spacer"></div><div><small>The opposing <span class="battle-nickname-foe" title="Deoxys-Defense">Deoxys</span> restored a little HP using its Leftovers!</small></div><h2>Turn 17</h2><div class="spacer"></div><div><span class="battle-nickname" title="Terrakion">Terrakion</span> used <strong>Substitute</strong>!</div><div><small><span class="battle-nickname" title="Terrakion">Terrakion</span> put in a substitute!</small></div><div><small><span class="battle-nickname" title="Terrakion">Terrakion</span> lost 24% of its health!</small><br></div><div class="spacer"></div><div>The opposing <span class="battle-nickname-foe" title="Deoxys-Defense">Deoxys</span> used <strong>Recover</strong>!</div><div><small>The opposing <span class="battle-nickname-foe" title="Deoxys-Defense">Deoxys</span> restored its HP.</small></div><div class="spacer"></div><div><small><span class="battle-nickname" title="Terrakion">Terrakion</span> restored a little HP using its Leftovers!</small></div><h2>Turn 18</h2><div class="spacer"></div><div><span class="battle-nickname" title="Terrakion">Terrakion</span> used <strong>Stone Edge</strong>!</div><div><small>The opposing <span class="battle-nickname-foe" title="Deoxys-Defense">Deoxys</span> avoided the attack!</small></div><div class="spacer"></div><div>The opposing <span class="battle-nickname-foe" title="Deoxys-Defense">Deoxys</span> used <strong>Seismic Toss</strong>!</div><div><small><span class="battle-nickname" title="Terrakion">Terrakion</span>'s substitute faded!</small></div><div class="spacer"></div><div><small><span class="battle-nickname" title="Terrakion">Terrakion</span> restored a little HP using its Leftovers!</small></div><h2>Turn 19</h2><div class="spacer"></div><div><span class="battle-nickname" title="Terrakion">Terrakion</span> used <strong>Stone Edge</strong>!</div><div><small>The opposing <span class="battle-nickname-foe" title="Deoxys-Defense">Deoxys</span> avoided the attack!</small></div><div class="spacer"></div><div>The opposing <span class="battle-nickname-foe" title="Deoxys-Defense">Deoxys</span> used <strong>Seismic Toss</strong>!</div><div><small><span class="battle-nickname" title="Terrakion">Terrakion</span> lost 28% of its health!</small><br></div><div class="spacer"></div><div><small><span class="battle-nickname" title="Terrakion">Terrakion</span> restored a little HP using its Leftovers!</small></div><h2>Turn 20</h2><div class="spacer"></div><div><span class="battle-nickname" title="Terrakion">Terrakion</span> used <strong>Stone Edge</strong>!</div><div><small>The opposing <span class="battle-nickname-foe" title="Deoxys-Defense">Deoxys</span> lost 37% of its health!</small><br></div><div class="spacer"></div><div>The opposing <span class="battle-nickname-foe" title="Deoxys-Defense">Deoxys</span> used <strong>Seismic Toss</strong>!</div><div><small><span class="battle-nickname" title="Terrakion">Terrakion</span> lost 27% of its health!</small><br></div><div class="spacer"></div><div><small><span class="battle-nickname" title="Terrakion">Terrakion</span> restored a little HP using its Leftovers!</small></div><div><small>The opposing <span class="battle-nickname-foe" title="Deoxys-Defense">Deoxys</span> restored a little HP using its Leftovers!</small></div><h2>Turn 21</h2><div class="spacer"></div><div><span class="battle-nickname" title="Terrakion">Terrakion</span> used <strong>Earthquake</strong>!</div><div><small>The opposing <span class="battle-nickname-foe" title="Deoxys-Defense">Deoxys</span> lost 28% of its health!</small><br></div><div class="spacer"></div><div>The opposing <span class="battle-nickname-foe" title="Deoxys-Defense">Deoxys</span> used <strong>Seismic Toss</strong>!</div><div><small><span class="battle-nickname" title="Terrakion">Terrakion</span> lost 27% of its health!</small><br></div><div class="spacer"></div><div><small><span class="battle-nickname" title="Terrakion">Terrakion</span> restored a little HP using its Leftovers!</small></div><div><small>The opposing <span class="battle-nickname-foe" title="Deoxys-Defense">Deoxys</span> restored a little HP using its Leftovers!</small></div><h2>Turn 22</h2><div class="spacer"></div><div>AngelE53 withdrew <span class="battle-nickname-foe" title="Deoxys-Defense">Deoxys <small>(Deoxys-Defense)</small></span>!</div><div class="spacer"></div><div>AngelE53 sent out Ninjask!</div><div class="spacer"></div><div><span class="battle-nickname" title="Terrakion">Terrakion</span> used <strong>Close Combat</strong>!</div><div><small>It's not very effective... </small><small>The opposing <span class="battle-nickname-foe" title="Ninjask">Ninjask</span> lost 23% of its health!</small><br></div><div><small><span class="battle-nickname" title="Terrakion">Terrakion</span>'s Defense fell! <span class="battle-nickname" title="Terrakion">Terrakion</span>'s Special Defense fell! </small></div><div class="spacer"></div><div><small>The opposing <span class="battle-nickname-foe" title="Ninjask">Ninjask</span> restored a little HP using its Leftovers!</small></div><div><small><span class="battle-nickname" title="Terrakion">Terrakion</span> restored a little HP using its Leftovers!</small></div><h2>Turn 23</h2><div class="spacer"></div><div>The opposing <span class="battle-nickname-foe" title="Ninjask">Ninjask</span> used <strong>Protect</strong>!</div><div><small>The opposing <span class="battle-nickname-foe" title="Ninjask">Ninjask</span> protected itself!</small></div><div class="spacer"></div><div><span class="battle-nickname" title="Terrakion">Terrakion</span> used <strong>Close Combat</strong>!</div><div><small>The opposing <span class="battle-nickname-foe" title="Ninjask">Ninjask</span> protected itself!</small></div><div class="spacer"></div><div><small>The opposing <span class="battle-nickname-foe" title="Ninjask">Ninjask</span> restored a little HP using its Leftovers!</small></div><div><small><span class="battle-nickname" title="Terrakion">Terrakion</span> restored a little HP using its Leftovers!</small></div><div><small>[Opposing <span class="battle-nickname-foe" title="Ninjask">Ninjask</span>'s Speed Boost!]</small></div><div><small>The opposing <span class="battle-nickname-foe" title="Ninjask">Ninjask</span>'s Speed rose! </small></div><h2>Turn 24</h2><div class="spacer"></div><div><span class="battle-nickname" title="Terrakion">Terrakion</span>, come back!</div><div class="spacer"></div><div>Go! <span class="battle-nickname" title="Mewtwo-Mega-Y">Mewtwo <small>(Mewtwo-Mega-Y)</small></span>!</div><div class="spacer"></div><div>The opposing <span class="battle-nickname-foe" title="Ninjask">Ninjask</span> used <strong>Substitute</strong>!</div><div><small>The opposing <span class="battle-nickname-foe" title="Ninjask">Ninjask</span> put in a substitute!</small></div><div><small>The opposing <span class="battle-nickname-foe" title="Ninjask">Ninjask</span> lost 25% of its health!</small><br></div><div class="spacer"></div><div><small>The opposing <span class="battle-nickname-foe" title="Ninjask">Ninjask</span> restored a little HP using its Leftovers!</small></div><div><small><span class="battle-nickname" title="Mewtwo-Mega-Y">Mewtwo</span> was hurt by poison!</small></div><div><small>[Opposing <span class="battle-nickname-foe" title="Ninjask">Ninjask</span>'s Speed Boost!]</small></div><div><small>The opposing <span class="battle-nickname-foe" title="Ninjask">Ninjask</span>'s Speed rose! </small></div><h2>Turn 25</h2><div class="spacer"></div><div>The opposing <span class="battle-nickname-foe" title="Ninjask">Ninjask</span> used <strong>Leech Life</strong>!</div><div><small>It's super effective! </small><small><span class="battle-nickname" title="Mewtwo-Mega-Y">Mewtwo</span> lost 31% of its health!</small><br></div><div><small><span class="battle-nickname" title="Mewtwo-Mega-Y">Mewtwo</span> had its energy drained!</small></div><div class="spacer"></div><div><span class="battle-nickname" title="Mewtwo-Mega-Y">Mewtwo</span> fainted!</div><div class="spacer"></div><div><small>The opposing <span class="battle-nickname-foe" title="Ninjask">Ninjask</span> restored a little HP using its Leftovers!</small></div><div><small>[Opposing <span class="battle-nickname-foe" title="Ninjask">Ninjask</span>'s Speed Boost!]</small></div><div><small>The opposing <span class="battle-nickname-foe" title="Ninjask">Ninjask</span>'s Speed rose! </small></div><div class="spacer"></div><div>Go! Wishiwashi!</div><div><small>[<span class="battle-nickname" title="Wishiwashi">Wishiwashi</span>'s Schooling!]</small></div><div><small><span class="battle-nickname" title="Wishiwashi">Wishiwashi</span> formed a school!</small></div><h2>Turn 26</h2><div class="spacer"></div><div>The opposing <span class="battle-nickname-foe" title="Ninjask">Ninjask</span> used <strong>Leech Life</strong>!</div><div><small><span class="battle-nickname" title="Wishiwashi">Wishiwashi</span> lost 26% of its health!</small><br></div><div><small><span class="battle-nickname" title="Wishiwashi">Wishiwashi</span> had its energy drained!</small></div><div class="spacer"></div><div><span class="battle-nickname" title="Wishiwashi">Wishiwashi</span> used <strong>Ice Beam</strong>!</div><div><small>It's super effective! The opposing <span class="battle-nickname-foe" title="Ninjask">Ninjask</span>'s substitute faded!</small></div><div><small>[Opposing <span class="battle-nickname-foe" title="Ninjask">Ninjask</span>'s Speed Boost!]</small></div><div><small>The opposing <span class="battle-nickname-foe" title="Ninjask">Ninjask</span>'s Speed rose! </small></div><h2>Turn 27</h2><div class="spacer"></div><div>The opposing <span class="battle-nickname-foe" title="Ninjask">Ninjask</span> used <strong>Baton Pass</strong>!</div><div class="spacer"></div><div>AngelE53 sent out <span class="battle-nickname-foe" title="Deoxys-Defense">Deoxys <small>(Deoxys-Defense)</small></span>!</div><div><small>[Opposing <span class="battle-nickname-foe" title="Deoxys-Defense">Deoxys</span>'s Pressure!]</small></div><div><small>The opposing <span class="battle-nickname-foe" title="Deoxys-Defense">Deoxys</span> is exerting its pressure!</small></div><div class="spacer"></div><div><span class="battle-nickname" title="Wishiwashi">Wishiwashi</span> used <strong>Scald</strong>!</div><div><small>The opposing <span class="battle-nickname-foe" title="Deoxys-Defense">Deoxys</span> lost 38% of its health!</small><br></div><div class="spacer"></div><div><small>The opposing <span class="battle-nickname-foe" title="Deoxys-Defense">Deoxys</span> restored a little HP using its Leftovers!</small></div><h2>Turn 28</h2><div class="spacer"></div><div>The opposing <span class="battle-nickname-foe" title="Deoxys-Defense">Deoxys</span> used <strong>Recover</strong>!</div><div><small>The opposing <span class="battle-nickname-foe" title="Deoxys-Defense">Deoxys</span> restored its HP.</small></div><div class="spacer"></div><div><span class="battle-nickname" title="Wishiwashi">Wishiwashi</span> used <strong>Scald</strong>!</div><div><small>The opposing <span class="battle-nickname-foe" title="Deoxys-Defense">Deoxys</span> lost 40% of its health!</small><br></div><div class="spacer"></div><div><small>The opposing <span class="battle-nickname-foe" title="Deoxys-Defense">Deoxys</span> restored a little HP using its Leftovers!</small></div><h2>Turn 29</h2><div class="spacer"></div><div>The opposing <span class="battle-nickname-foe" title="Deoxys-Defense">Deoxys</span> used <strong>Recover</strong>!</div><div><small>The opposing <span class="battle-nickname-foe" title="Deoxys-Defense">Deoxys</span> restored its HP.</small></div><div class="spacer"></div><div><span class="battle-nickname" title="Wishiwashi">Wishiwashi</span> used <strong>Scald</strong>!</div><div><small>The opposing <span class="battle-nickname-foe" title="Deoxys-Defense">Deoxys</span> lost 35% of its health!</small><br></div><div class="spacer"></div><div><small>The opposing <span class="battle-nickname-foe" title="Deoxys-Defense">Deoxys</span> restored a little HP using its Leftovers!</small></div><h2>Turn 30</h2><div class="spacer"></div><div>The opposing <span class="battle-nickname-foe" title="Deoxys-Defense">Deoxys</span> used <strong>Toxic</strong>!</div><div><small><span class="battle-nickname" title="Wishiwashi">Wishiwashi</span> was badly poisoned!</small></div><div class="spacer"></div><div><span class="battle-nickname" title="Wishiwashi">Wishiwashi</span> used <strong>Ice Beam</strong>!</div><div><small>The opposing <span class="battle-nickname-foe" title="Deoxys-Defense">Deoxys</span> lost 29% of its health!</small><br></div><div class="spacer"></div><div><small>The opposing <span class="battle-nickname-foe" title="Deoxys-Defense">Deoxys</span> restored a little HP using its Leftovers!</small></div><div><small><span class="battle-nickname" title="Wishiwashi">Wishiwashi</span> was hurt by poison!</small></div><h2>Turn 31</h2><div class="spacer"></div><div>The opposing <span class="battle-nickname-foe" title="Deoxys-Defense">Deoxys</span> used <strong>Recover</strong>!</div><div><small>The opposing <span class="battle-nickname-foe" title="Deoxys-Defense">Deoxys</span> restored its HP.</small></div><div class="spacer"></div><div><span class="battle-nickname" title="Wishiwashi">Wishiwashi</span> used <strong>Scald</strong>!</div><div><small>The opposing <span class="battle-nickname-foe" title="Deoxys-Defense">Deoxys</span> lost 41% of its health!</small><br></div><div class="spacer"></div><div><small>The opposing <span class="battle-nickname-foe" title="Deoxys-Defense">Deoxys</span> restored a little HP using its Leftovers!</small></div><div><small><span class="battle-nickname" title="Wishiwashi">Wishiwashi</span> was hurt by poison!</small></div><h2>Turn 32</h2><div class="spacer"></div><div><span class="battle-nickname" title="Wishiwashi">Wishiwashi</span>, come back!</div><div class="spacer"></div><div>Go! Terrakion!</div><div class="spacer"></div><div>The opposing <span class="battle-nickname-foe" title="Deoxys-Defense">Deoxys</span> used <strong>Recover</strong>!</div><div><small>The opposing <span class="battle-nickname-foe" title="Deoxys-Defense">Deoxys</span> restored its HP.</small></div><div class="spacer"></div><div><small>The opposing <span class="battle-nickname-foe" title="Deoxys-Defense">Deoxys</span> restored a little HP using its Leftovers!</small></div><div><small><span class="battle-nickname" title="Terrakion">Terrakion</span> restored a little HP using its Leftovers!</small></div><h2>Turn 33</h2><div class="spacer"></div><div>The opposing <span class="battle-nickname-foe" title="Deoxys-Defense">Deoxys</span> used <strong>Seismic Toss</strong>!</div><div><small><span class="battle-nickname" title="Terrakion">Terrakion</span> lost 28% of its health!</small><br></div><div class="spacer"></div><div><span class="battle-nickname" title="Terrakion">Terrakion</span> used <strong>Earthquake</strong>!</div><div><small>The opposing <span class="battle-nickname-foe" title="Deoxys-Defense">Deoxys</span> lost 29% of its health!</small><br></div><div class="spacer"></div><div><small>The opposing <span class="battle-nickname-foe" title="Deoxys-Defense">Deoxys</span> restored a little HP using its Leftovers!</small></div><div><small><span class="battle-nickname" title="Terrakion">Terrakion</span> restored a little HP using its Leftovers!</small></div><h2>Turn 34</h2><div class="spacer"></div><div>The opposing <span class="battle-nickname-foe" title="Deoxys-Defense">Deoxys</span> used <strong>Seismic Toss</strong>!</div><div><small><span class="battle-nickname" title="Terrakion">Terrakion</span> lost 20% of its health!</small><br></div><div class="spacer"></div><div><span class="battle-nickname" title="Terrakion">Terrakion</span> fainted!</div><div class="spacer"></div><div><small>The opposing <span class="battle-nickname-foe" title="Deoxys-Defense">Deoxys</span> restored a little HP using its Leftovers!</small></div><div class="spacer"></div><div>Go! Darmanitan!</div><h2>Turn 35</h2><div class="spacer"></div><div>The opposing <span class="battle-nickname-foe" title="Deoxys-Defense">Deoxys</span> used <strong>Recover</strong>!</div><div><small>The opposing <span class="battle-nickname-foe" title="Deoxys-Defense">Deoxys</span> restored its HP.</small></div><div class="spacer"></div><div><span class="battle-nickname" title="Darmanitan">Darmanitan</span> used <strong>U-turn</strong>!</div><div><small>It's super effective! </small><small>The opposing <span class="battle-nickname-foe" title="Deoxys-Defense">Deoxys</span> lost 59% of its health!</small><br></div><div><small><span class="battle-nickname" title="Darmanitan">Darmanitan</span> lost some of its HP!</small></div><div class="spacer"></div><div><span class="battle-nickname" title="Darmanitan">Darmanitan</span> went back to HibariDann!</div><div class="spacer"></div><div>Go! Wishiwashi!</div><div><small>[<span class="battle-nickname" title="Wishiwashi">Wishiwashi</span>'s Schooling!]</small></div><div><small><span class="battle-nickname" title="Wishiwashi">Wishiwashi</span> formed a school!</small></div><div class="spacer"></div><div><small>The opposing <span class="battle-nickname-foe" title="Deoxys-Defense">Deoxys</span> restored a little HP using its Leftovers!</small></div><div><small><span class="battle-nickname" title="Wishiwashi">Wishiwashi</span> was hurt by poison!</small></div><h2>Turn 36</h2><div class="spacer"></div><div>The opposing <span class="battle-nickname-foe" title="Deoxys-Defense">Deoxys</span> used <strong>Recover</strong>!</div><div><small>The opposing <span class="battle-nickname-foe" title="Deoxys-Defense">Deoxys</span> restored its HP.</small></div><div class="spacer"></div><div><span class="battle-nickname" title="Wishiwashi">Wishiwashi</span> used <strong>Scald</strong>!</div><div><small>The opposing <span class="battle-nickname-foe" title="Deoxys-Defense">Deoxys</span> lost 39% of its health!</small><br></div><div class="spacer"></div><div><small>The opposing <span class="battle-nickname-foe" title="Deoxys-Defense">Deoxys</span> restored a little HP using its Leftovers!</small></div><div><small><span class="battle-nickname" title="Wishiwashi">Wishiwashi</span> was hurt by poison!</small></div><h2>Turn 37</h2><div class="spacer"></div><div>The opposing <span class="battle-nickname-foe" title="Deoxys-Defense">Deoxys</span> used <strong>Seismic Toss</strong>!</div><div><small><span class="battle-nickname" title="Wishiwashi">Wishiwashi</span> lost 37% of its health!</small><br></div><div class="spacer"></div><div><span class="battle-nickname" title="Wishiwashi">Wishiwashi</span> used <strong>Ice Beam</strong>!</div><div><small>The opposing <span class="battle-nickname-foe" title="Deoxys-Defense">Deoxys</span> lost 27% of its health!</small><br></div><div class="spacer"></div><div><small>The opposing <span class="battle-nickname-foe" title="Deoxys-Defense">Deoxys</span> restored a little HP using its Leftovers!</small></div><div><small><span class="battle-nickname" title="Wishiwashi">Wishiwashi</span> was hurt by poison!</small></div><div class="spacer"></div><div><span class="battle-nickname" title="Wishiwashi">Wishiwashi</span> fainted!</div><div class="spacer"></div><div>Go! Darmanitan!</div><h2>Turn 38</h2><div class="spacer"></div><div>The opposing <span class="battle-nickname-foe" title="Deoxys-Defense">Deoxys</span> used <strong>Recover</strong>!</div><div><small>The opposing <span class="battle-nickname-foe" title="Deoxys-Defense">Deoxys</span> restored its HP.</small></div><div class="spacer"></div><div><span class="battle-nickname" title="Darmanitan">Darmanitan</span> used <strong>U-turn</strong>!</div><div><small>It's super effective! </small><small>The opposing <span class="battle-nickname-foe" title="Deoxys-Defense">Deoxys</span> lost 58% of its health!</small><br></div><div><small><span class="battle-nickname" title="Darmanitan">Darmanitan</span> lost some of its HP!</small></div><div class="spacer"></div><div><small>The opposing <span class="battle-nickname-foe" title="Deoxys-Defense">Deoxys</span> restored a little HP using its Leftovers!</small></div><h2>Turn 39</h2><div class="spacer"></div><div>The opposing <span class="battle-nickname-foe" title="Deoxys-Defense">Deoxys</span> used <strong>Recover</strong>!</div><div><small>The opposing <span class="battle-nickname-foe" title="Deoxys-Defense">Deoxys</span> restored its HP.</small></div><div class="spacer"></div><div><span class="battle-nickname" title="Darmanitan">Darmanitan</span> used <strong>U-turn</strong>!</div><div><small>It's super effective! </small><small>The opposing <span class="battle-nickname-foe" title="Deoxys-Defense">Deoxys</span> lost 52% of its health!</small><br></div><div><small><span class="battle-nickname" title="Darmanitan">Darmanitan</span> lost some of its HP!</small></div><div class="spacer"></div><div><small>The opposing <span class="battle-nickname-foe" title="Deoxys-Defense">Deoxys</span> restored a little HP using its Leftovers!</small></div><h2>Turn 40</h2><div class="spacer"></div><div>The opposing <span class="battle-nickname-foe" title="Deoxys-Defense">Deoxys</span> used <strong>Recover</strong>!</div><div><small>The opposing <span class="battle-nickname-foe" title="Deoxys-Defense">Deoxys</span> restored its HP.</small></div><div class="spacer"></div><div><span class="battle-nickname" title="Darmanitan">Darmanitan</span> used <strong>Flare Blitz</strong>!</div><div><small>The opposing <span class="battle-nickname-foe" title="Deoxys-Defense">Deoxys</span> lost 92% of its health!</small><br></div><div><small><span class="battle-nickname" title="Darmanitan">Darmanitan</span> is damaged by the recoil!</small></div><div class="spacer"></div><div><small>The opposing <span class="battle-nickname-foe" title="Deoxys-Defense">Deoxys</span> restored a little HP using its Leftovers!</small></div><h2>Turn 41</h2><div class="chat chatmessage-hibaridann"><strong style="color:hsl(129,70%,38%);"><small>☆</small><span class="username" data-name="HibariDann">HibariDann</span>:</strong> <em>:v</em></div><div class="spacer"></div><div>The opposing <span class="battle-nickname-foe" title="Deoxys-Defense">Deoxys</span> used <strong>Seismic Toss</strong>!</div><div><small><span class="battle-nickname" title="Darmanitan">Darmanitan</span> lost 25% of its health!</small><br></div><div class="spacer"></div><div><span class="battle-nickname" title="Darmanitan">Darmanitan</span> used <strong>U-turn</strong>!</div><div><small>It's super effective! </small><small>The opposing <span class="battle-nickname-foe" title="Deoxys-Defense">Deoxys</span> lost 11% of its health!</small><br></div><div><small><span class="battle-nickname" title="Darmanitan">Darmanitan</span> lost some of its HP!</small></div><div class="spacer"></div><div>The opposing <span class="battle-nickname-foe" title="Deoxys-Defense">Deoxys</span> fainted!</div><div class="spacer"></div><div><span class="battle-nickname" title="Darmanitan">Darmanitan</span> fainted!</div><div class="spacer"></div><div>AngelE53 won the battle!</div><div class="chat"><small>HibariDann left.</small></div><div class="chat">HibariDann's rating: 1240 → <strong>1219</strong><br>(-21 for losing)</div><div class="chat">AngelE53's rating: 1301 → <strong>1318</strong><br>(+17 for winning)</div></div></div>
</div>
<script>
var daily = Math.floor(Date.now()/1000/60/60/24);document.write('<script src="https://play.pokemonshowdown.com/js/replay-embed.js?version'+daily+'"></'+'script>');
</script>
