<!DOCTYPE html>
<meta charset="utf-8" />
<!-- version 1 -->
<title>[Gen 7] Random Battle replay: Rowlett4ever vs. Orlaando09</title>
<style>
html,body {font-family:Verdana, sans-serif;font-size:10pt;margin:0;padding:0;}body{padding:12px 0;} .battle-log {font-family:Verdana, sans-serif;font-size:10pt;} .battle-log-inline {border:1px solid #AAAAAA;background:#EEF2F5;color:black;max-width:640px;margin:0 auto 80px;padding-bottom:5px;} .battle-log .inner {padding:4px 8px 0px 8px;} .battle-log .inner-preempt {padding:0 8px 4px 8px;} .battle-log .inner-after {margin-top:0.5em;} .battle-log h2 {margin:0.5em -8px;padding:4px 8px;border:1px solid #AAAAAA;background:#E0E7EA;border-left:0;border-right:0;font-family:Verdana, sans-serif;font-size:13pt;} .battle-log .chat {vertical-align:middle;padding:3px 0 3px 0;font-size:8pt;} .battle-log .chat strong {color:#40576A;} .battle-log .chat em {padding:1px 4px 1px 3px;color:#000000;font-style:normal;} .chat.mine {background:rgba(0,0,0,0.05);margin-left:-8px;margin-right:-8px;padding-left:8px;padding-right:8px;} .spoiler {color:#BBBBBB;background:#BBBBBB;padding:0px 3px;} .spoiler:hover, .spoiler:active, .spoiler-shown {color:#000000;background:#E2E2E2;padding:0px 3px;} .spoiler a {color:#BBBBBB;} .spoiler:hover a, .spoiler:active a, .spoiler-shown a {color:#2288CC;} .chat code, .chat .spoiler:hover code, .chat .spoiler:active code, .chat .spoiler-shown code {border:1px solid #C0C0C0;background:#EEEEEE;color:black;padding:0 2px;} .chat .spoiler code {border:1px solid #CCCCCC;background:#CCCCCC;color:#CCCCCC;} .battle-log .rated {padding:3px 4px;} .battle-log .rated strong {color:white;background:#89A;padding:1px 4px;border-radius:4px;} .spacer {margin-top:0.5em;} .message-announce {background:#6688AA;color:white;padding:1px 4px 2px;} .message-announce a, .broadcast-green a, .broadcast-blue a, .broadcast-red a {color:#DDEEFF;} .broadcast-green {background-color:#559955;color:white;padding:2px 4px;} .broadcast-blue {background-color:#6688AA;color:white;padding:2px 4px;} .infobox {border:1px solid #6688AA;padding:2px 4px;} .infobox-limited {max-height:200px;overflow:auto;overflow-x:hidden;} .broadcast-red {background-color:#AA5544;color:white;padding:2px 4px;} .message-learn-canlearn {font-weight:bold;color:#228822;text-decoration:underline;} .message-learn-cannotlearn {font-weight:bold;color:#CC2222;text-decoration:underline;} .message-effect-weak {font-weight:bold;color:#CC2222;} .message-effect-resist {font-weight:bold;color:#6688AA;} .message-effect-immune {font-weight:bold;color:#666666;} .message-learn-list {margin-top:0;margin-bottom:0;} .message-throttle-notice, .message-error {color:#992222;} .message-overflow, .chat small.message-overflow {font-size:0pt;} .message-overflow::before {font-size:9pt;content:'...';} .subtle {color:#3A4A66;}
</style>
<div class="wrapper replay-wrapper" style="max-width:1180px;margin:0 auto">
<input type="hidden" name="replayid" value="gen7randombattle-566875794" />
<div class="battle"></div><div class="battle-log"></div><div class="replay-controls"></div><div class="replay-controls-2"></div>
<h1 style="font-weight:normal;text-align:center"><strong>[Gen 7] Random Battle</strong><br /><a href="http://pokemonshowdown.com/users/rowlett4ever" class="subtle" target="_blank">Rowlett4ever</a> vs. <a href="http://pokemonshowdown.com/users/orlaando09" class="subtle" target="_blank">Orlaando09</a></h1>
<script type="text/plain" class="battle-log-data">|j|Rowlett4ever
|j|Orlaando09
|player|p1|Rowlett4ever|169
|player|p2|Orlaando09|1
|gametype|singles
|gen|7
|tier|[Gen 7] Random Battle
|rated
|seed|53458,15807,60162,12527,27070,11214,45526,32621,64303,57699,31841,519
|rule|Sleep Clause Mod: Limit one foe put to sleep
|rule|HP Percentage Mod: HP is shown in percentages
|
|start
|switch|p1a: Cryogonal|Cryogonal, L79|100\/100
|switch|p2a: Metagross|Metagross, L75|100\/100
|turn|1
|inactive|Battle timer is ON: inactive players will automatically lose when time's up. (requested by Orlaando09)
|choice|switch 6|move meteormash mega
|
|switch|p1a: Uxie|Uxie, L79|100\/100
|detailschange|p2a: Metagross|Metagross-Mega, L75
|-mega|p2a: Metagross|Metagross|Metagrossite
|move|p2a: Metagross|Meteor Mash|p1a: Uxie
|-damage|p1a: Uxie|53\/100
|-boost|p2a: Metagross|atk|1
|
|-heal|p1a: Uxie|59\/100|[from] item: Leftovers
|upkeep
|turn|2
|choice|move thunderwave|move meteormash
|
|move|p2a: Metagross|Meteor Mash|p1a: Uxie
|-damage|p1a: Uxie|0 fnt
|faint|p1a: Uxie
|
|upkeep
|choice|switch 5|
|
|switch|p1a: Zekrom|Zekrom, L73|100\/100
|-ability|p1a: Zekrom|Teravolt
|turn|3
|choice|move boltstrike|move icepunch
|
|move|p2a: Metagross|Ice Punch|p1a: Zekrom
|-supereffective|p1a: Zekrom
|-damage|p1a: Zekrom|25\/100
|move|p1a: Zekrom|Bolt Strike|p2a: Metagross
|-damage|p2a: Metagross|56\/100
|
|upkeep
|turn|4
|choice|switch 6|move meteormash
|
|switch|p1a: Cryogonal|Cryogonal, L79|100\/100
|move|p2a: Metagross|Meteor Mash|p1a: Cryogonal
|-supereffective|p1a: Cryogonal
|-damage|p1a: Cryogonal|0 fnt
|faint|p1a: Cryogonal
|
|upkeep
|choice|switch 3|
|
|switch|p1a: Crustle|Crustle, L79, M|100\/100
|turn|5
|choice|move earthquake|move meteormash
|
|move|p2a: Metagross|Meteor Mash|p1a: Crustle
|-supereffective|p1a: Crustle
|-ability|p1a: Crustle|Sturdy
|-damage|p1a: Crustle|1\/100
|move|p1a: Crustle|Earthquake|p2a: Metagross
|-supereffective|p2a: Metagross
|-damage|p2a: Metagross|14\/100
|
|-heal|p1a: Crustle|7\/100|[from] item: Leftovers
|upkeep
|turn|6
|choice|move earthquake|move meteormash
|
|move|p2a: Metagross|Meteor Mash|p1a: Crustle
|-supereffective|p1a: Crustle
|-damage|p1a: Crustle|0 fnt
|-boost|p2a: Metagross|atk|1
|faint|p1a: Crustle
|
|upkeep
|choice|switch 2|
|
|switch|p1a: Silvally|Silvally, L79|100\/100
|turn|7
|choice|move flamecharge|move meteormash
|
|move|p2a: Metagross|Meteor Mash|p1a: Silvally
|-damage|p1a: Silvally|1\/100
|-boost|p2a: Metagross|atk|1
|move|p1a: Silvally|Flame Charge|p2a: Metagross
|-supereffective|p2a: Metagross
|-damage|p2a: Metagross|0 fnt
|-boost|p1a: Silvally|spe|1
|faint|p2a: Metagross
|
|-heal|p1a: Silvally|7\/100|[from] item: Leftovers
|upkeep
|choice||switch 3
|
|switch|p2a: Conkeldurr|Conkeldurr, L77, M|100\/100
|turn|8
|choice|switch 4|move machpunch
|
|switch|p1a: Dustox|Dustox, L79, F|100\/100
|move|p2a: Conkeldurr|Mach Punch|p1a: Dustox
|-resisted|p1a: Dustox
|-damage|p1a: Dustox|89\/100
|
|upkeep
|turn|9
|choice|move quiverdance|switch 4
|
|switch|p2a: Necrozma|Necrozma, L79|100\/100
|move|p1a: Dustox|Quiver Dance|p1a: Dustox
|-boost|p1a: Dustox|spa|1
|-boost|p1a: Dustox|spd|1
|-boost|p1a: Dustox|spe|1
|
|upkeep
|turn|10
|choice|move bugbuzz|move psychocut
|
|move|p1a: Dustox|Bug Buzz|p2a: Necrozma
|-supereffective|p2a: Necrozma
|-damage|p2a: Necrozma|46\/100
|-damage|p1a: Dustox|80\/100|[from] item: Life Orb
|move|p2a: Necrozma|Psycho Cut|p1a: Dustox
|-supereffective|p1a: Dustox
|-damage|p1a: Dustox|0 fnt
|faint|p1a: Dustox
|
|-heal|p2a: Necrozma|52\/100|[from] item: Leftovers
|upkeep
|choice|switch 6|
|
|switch|p1a: Zekrom|Zekrom, L73|25\/100
|-ability|p1a: Zekrom|Teravolt
|turn|11
|choice|move boltstrike|move autotomize
|
|move|p1a: Zekrom|Bolt Strike|p2a: Necrozma
|-damage|p2a: Necrozma|5\/100
|move|p2a: Necrozma|Autotomize|p2a: Necrozma
|-boost|p2a: Necrozma|spe|2
|-start|p2a: Necrozma|Autotomize
|
|-heal|p2a: Necrozma|11\/100|[from] item: Leftovers
|upkeep
|turn|12
|choice|move boltstrike|move psychocut
|
|move|p2a: Necrozma|Psycho Cut|p1a: Zekrom
|-crit|p1a: Zekrom
|-damage|p1a: Zekrom|0 fnt
|faint|p1a: Zekrom
|
|-heal|p2a: Necrozma|17\/100|[from] item: Leftovers
|upkeep
|choice|switch 4|
|
|switch|p1a: Silvally|Silvally, L79|7\/100
|turn|13
|choice|move ironhead|move psychocut
|
|move|p2a: Necrozma|Psycho Cut|p1a: Silvally
|-crit|p1a: Silvally
|-damage|p1a: Silvally|0 fnt
|faint|p1a: Silvally
|
|win|Orlaando09</script>
</div>
<div class="battle-log battle-log-inline"><div class="inner"><div class="chat"><small>Rowlett4ever joined.</small></div><div class="chat"><small>Orlaando09 joined.</small></div><div style="padding:5px 0"><small>Format:</small> <br><strong>[Gen 7] Random Battle</strong></div><div class="rated"><strong>Rated battle</strong></div><div><small><em>Sleep Clause Mod:</em> Limit one foe put to sleep</small></div><div><small><em>HP Percentage Mod:</em> HP is shown in percentages</small></div><div>Battle between Rowlett4ever and Orlaando09 started!</div><div class="spacer"></div><div>Go! Cryogonal!</div><div class="spacer"></div><div>Orlaando09 sent out Metagross!</div><h2>Turn 1</h2><div class="chat message-error">Battle timer is ON: inactive players will automatically lose when time's up. (requested by Orlaando09)</div><div class="spacer"></div><div><span class="battle-nickname" title="Cryogonal">Cryogonal</span>, come back!</div><div class="spacer"></div><div>Go! Uxie!</div><div class="spacer"></div><div><small>The opposing <span class="battle-nickname-foe" title="Metagross-Mega">Metagross</span>'s Metagrossite is reacting to Orlaando09's Mega Bracelet!<br>The opposing <span class="battle-nickname-foe" title="Metagross-Mega">Metagross</span> has Mega Evolved into Mega Metagross!</small></div><div class="spacer"></div><div>The opposing <span class="battle-nickname-foe" title="Metagross-Mega">Metagross</span> used <strong>Meteor Mash</strong>!</div><div><small><span class="battle-nickname" title="Uxie">Uxie</span> lost 47% of its health!</small><br></div><div><small>The opposing <span class="battle-nickname-foe" title="Metagross-Mega">Metagross</span>'s Attack rose! </small></div><div class="spacer"></div><div><small><span class="battle-nickname" title="Uxie">Uxie</span> restored a little HP using its Leftovers!</small></div><h2>Turn 2</h2><div class="spacer"></div><div>The opposing <span class="battle-nickname-foe" title="Metagross-Mega">Metagross</span> used <strong>Meteor Mash</strong>!</div><div><small><span class="battle-nickname" title="Uxie">Uxie</span> lost 59% of its health!</small><br></div><div class="spacer"></div><div><span class="battle-nickname" title="Uxie">Uxie</span> fainted!</div><div class="spacer"></div><div>Go! Zekrom!</div><div><small>[<span class="battle-nickname" title="Zekrom">Zekrom</span>'s Teravolt!]</small></div><div><small><span class="battle-nickname" title="Zekrom">Zekrom</span> is radiating a bursting aura!</small></div><h2>Turn 3</h2><div class="spacer"></div><div>The opposing <span class="battle-nickname-foe" title="Metagross-Mega">Metagross</span> used <strong>Ice Punch</strong>!</div><div><small>It's super effective! </small><small><span class="battle-nickname" title="Zekrom">Zekrom</span> lost 75% of its health!</small><br></div><div class="spacer"></div><div><span class="battle-nickname" title="Zekrom">Zekrom</span> used <strong>Bolt Strike</strong>!</div><div><small>The opposing <span class="battle-nickname-foe" title="Metagross-Mega">Metagross</span> lost 44% of its health!</small><br></div><h2>Turn 4</h2><div class="spacer"></div><div><span class="battle-nickname" title="Zekrom">Zekrom</span>, come back!</div><div class="spacer"></div><div>Go! Cryogonal!</div><div class="spacer"></div><div>The opposing <span class="battle-nickname-foe" title="Metagross-Mega">Metagross</span> used <strong>Meteor Mash</strong>!</div><div><small>It's super effective! </small><small><span class="battle-nickname" title="Cryogonal">Cryogonal</span> lost 100% of its health!</small><br></div><div class="spacer"></div><div><span class="battle-nickname" title="Cryogonal">Cryogonal</span> fainted!</div><div class="spacer"></div><div>Go! Crustle!</div><h2>Turn 5</h2><div class="spacer"></div><div>The opposing <span class="battle-nickname-foe" title="Metagross-Mega">Metagross</span> used <strong>Meteor Mash</strong>!</div><div><small>[<span class="battle-nickname" title="Crustle">Crustle</span>'s Sturdy!]</small></div><div><small>It's super effective! <span class="battle-nickname" title="Crustle">Crustle</span> endured the hit!</small></div><div><small><span class="battle-nickname" title="Crustle">Crustle</span> lost 99% of its health!</small><br></div><div class="spacer"></div><div><span class="battle-nickname" title="Crustle">Crustle</span> used <strong>Earthquake</strong>!</div><div><small>It's super effective! </small><small>The opposing <span class="battle-nickname-foe" title="Metagross-Mega">Metagross</span> lost 42% of its health!</small><br></div><div class="spacer"></div><div><small><span class="battle-nickname" title="Crustle">Crustle</span> restored a little HP using its Leftovers!</small></div><h2>Turn 6</h2><div class="spacer"></div><div>The opposing <span class="battle-nickname-foe" title="Metagross-Mega">Metagross</span> used <strong>Meteor Mash</strong>!</div><div><small>It's super effective! </small><small><span class="battle-nickname" title="Crustle">Crustle</span> lost 7% of its health!</small><br></div><div><small>The opposing <span class="battle-nickname-foe" title="Metagross-Mega">Metagross</span>'s Attack rose! </small></div><div class="spacer"></div><div><span class="battle-nickname" title="Crustle">Crustle</span> fainted!</div><div class="spacer"></div><div>Go! Silvally!</div><h2>Turn 7</h2><div class="spacer"></div><div>The opposing <span class="battle-nickname-foe" title="Metagross-Mega">Metagross</span> used <strong>Meteor Mash</strong>!</div><div><small><span class="battle-nickname" title="Silvally">Silvally</span> lost 99% of its health!</small><br></div><div><small>The opposing <span class="battle-nickname-foe" title="Metagross-Mega">Metagross</span>'s Attack rose! </small></div><div class="spacer"></div><div><span class="battle-nickname" title="Silvally">Silvally</span> used <strong>Flame Charge</strong>!</div><div><small>It's super effective! </small><small>The opposing <span class="battle-nickname-foe" title="Metagross-Mega">Metagross</span> lost 14% of its health!</small><br></div><div><small><span class="battle-nickname" title="Silvally">Silvally</span>'s Speed rose! </small></div><div class="spacer"></div><div>The opposing <span class="battle-nickname-foe" title="Metagross-Mega">Metagross</span> fainted!</div><div class="spacer"></div><div><small><span class="battle-nickname" title="Silvally">Silvally</span> restored a little HP using its Leftovers!</small></div><div class="spacer"></div><div>Orlaando09 sent out Conkeldurr!</div><h2>Turn 8</h2><div class="spacer"></div><div><span class="battle-nickname" title="Silvally">Silvally</span>, come back!</div><div class="spacer"></div><div>Go! Dustox!</div><div class="spacer"></div><div>The opposing <span class="battle-nickname-foe" title="Conkeldurr">Conkeldurr</span> used <strong>Mach Punch</strong>!</div><div><small>It's not very effective... </small><small><span class="battle-nickname" title="Dustox">Dustox</span> lost 11% of its health!</small><br></div><h2>Turn 9</h2><div class="spacer"></div><div>Orlaando09 withdrew Conkeldurr!</div><div class="spacer"></div><div>Orlaando09 sent out Necrozma!</div><div class="spacer"></div><div><span class="battle-nickname" title="Dustox">Dustox</span> used <strong>Quiver Dance</strong>!</div><div><small><span class="battle-nickname" title="Dustox">Dustox</span>'s Special Attack rose! <span class="battle-nickname" title="Dustox">Dustox</span>'s Special Defense rose! <span class="battle-nickname" title="Dustox">Dustox</span>'s Speed rose! </small></div><h2>Turn 10</h2><div class="spacer"></div><div><span class="battle-nickname" title="Dustox">Dustox</span> used <strong>Bug Buzz</strong>!</div><div><small>It's super effective! </small><small>The opposing <span class="battle-nickname-foe" title="Necrozma">Necrozma</span> lost 54% of its health!</small><br></div><div><small><span class="battle-nickname" title="Dustox">Dustox</span> lost some of its HP!</small></div><div class="spacer"></div><div>The opposing <span class="battle-nickname-foe" title="Necrozma">Necrozma</span> used <strong>Psycho Cut</strong>!</div><div><small>It's super effective! </small><small><span class="battle-nickname" title="Dustox">Dustox</span> lost 80% of its health!</small><br></div><div class="spacer"></div><div><span class="battle-nickname" title="Dustox">Dustox</span> fainted!</div><div class="spacer"></div><div><small>The opposing <span class="battle-nickname-foe" title="Necrozma">Necrozma</span> restored a little HP using its Leftovers!</small></div><div class="spacer"></div><div>Go! Zekrom!</div><div><small>[<span class="battle-nickname" title="Zekrom">Zekrom</span>'s Teravolt!]</small></div><div><small><span class="battle-nickname" title="Zekrom">Zekrom</span> is radiating a bursting aura!</small></div><h2>Turn 11</h2><div class="spacer"></div><div><span class="battle-nickname" title="Zekrom">Zekrom</span> used <strong>Bolt Strike</strong>!</div><div><small>The opposing <span class="battle-nickname-foe" title="Necrozma">Necrozma</span> lost 47% of its health!</small><br></div><div class="spacer"></div><div>The opposing <span class="battle-nickname-foe" title="Necrozma">Necrozma</span> used <strong>Autotomize</strong>!</div><div><small>The opposing <span class="battle-nickname-foe" title="Necrozma">Necrozma</span>'s Speed rose sharply! </small></div><div><small>The opposing <span class="battle-nickname-foe" title="Necrozma">Necrozma</span> became nimble!</small></div><div class="spacer"></div><div><small>The opposing <span class="battle-nickname-foe" title="Necrozma">Necrozma</span> restored a little HP using its Leftovers!</small></div><h2>Turn 12</h2><div class="spacer"></div><div>The opposing <span class="battle-nickname-foe" title="Necrozma">Necrozma</span> used <strong>Psycho Cut</strong>!</div><div><small>A critical hit! </small><small><span class="battle-nickname" title="Zekrom">Zekrom</span> lost 25% of its health!</small><br></div><div class="spacer"></div><div><span class="battle-nickname" title="Zekrom">Zekrom</span> fainted!</div><div class="spacer"></div><div><small>The opposing <span class="battle-nickname-foe" title="Necrozma">Necrozma</span> restored a little HP using its Leftovers!</small></div><div class="spacer"></div><div>Go! Silvally!</div><h2>Turn 13</h2><div class="spacer"></div><div>The opposing <span class="battle-nickname-foe" title="Necrozma">Necrozma</span> used <strong>Psycho Cut</strong>!</div><div><small>A critical hit! </small><small><span class="battle-nickname" title="Silvally">Silvally</span> lost 7% of its health!</small><br></div><div class="spacer"></div><div><span class="battle-nickname" title="Silvally">Silvally</span> fainted!</div><div class="spacer"></div><div>Orlaando09 won the battle!</div></div></div>
</div>
<script>
var daily = Math.floor(Date.now()/1000/60/60/24);document.write('<script src="https://play.pokemonshowdown.com/js/replay-embed.js?version'+daily+'"></'+'script>');
</script>
