<!DOCTYPE html>
<meta charset="utf-8" />
<!-- version 1 -->
<title>[Gen 7] Random Battle replay: The Dreaming Demon vs. DrShellgon</title>
<style>
html,body {font-family:Verdana, sans-serif;font-size:10pt;margin:0;padding:0;}body{padding:12px 0;} .battle-log {font-family:Verdana, sans-serif;font-size:10pt;} .battle-log-inline {border:1px solid #AAAAAA;background:#EEF2F5;color:black;max-width:640px;margin:0 auto 80px;padding-bottom:5px;} .battle-log .inner {padding:4px 8px 0px 8px;} .battle-log .inner-preempt {padding:0 8px 4px 8px;} .battle-log .inner-after {margin-top:0.5em;} .battle-log h2 {margin:0.5em -8px;padding:4px 8px;border:1px solid #AAAAAA;background:#E0E7EA;border-left:0;border-right:0;font-family:Verdana, sans-serif;font-size:13pt;} .battle-log .chat {vertical-align:middle;padding:3px 0 3px 0;font-size:8pt;} .battle-log .chat strong {color:#40576A;} .battle-log .chat em {padding:1px 4px 1px 3px;color:#000000;font-style:normal;} .chat.mine {background:rgba(0,0,0,0.05);margin-left:-8px;margin-right:-8px;padding-left:8px;padding-right:8px;} .spoiler {color:#BBBBBB;background:#BBBBBB;padding:0px 3px;} .spoiler:hover, .spoiler:active, .spoiler-shown {color:#000000;background:#E2E2E2;padding:0px 3px;} .spoiler a {color:#BBBBBB;} .spoiler:hover a, .spoiler:active a, .spoiler-shown a {color:#2288CC;} .chat code, .chat .spoiler:hover code, .chat .spoiler:active code, .chat .spoiler-shown code {border:1px solid #C0C0C0;background:#EEEEEE;color:black;padding:0 2px;} .chat .spoiler code {border:1px solid #CCCCCC;background:#CCCCCC;color:#CCCCCC;} .battle-log .rated {padding:3px 4px;} .battle-log .rated strong {color:white;background:#89A;padding:1px 4px;border-radius:4px;} .spacer {margin-top:0.5em;} .message-announce {background:#6688AA;color:white;padding:1px 4px 2px;} .message-announce a, .broadcast-green a, .broadcast-blue a, .broadcast-red a {color:#DDEEFF;} .broadcast-green {background-color:#559955;color:white;padding:2px 4px;} .broadcast-blue {background-color:#6688AA;color:white;padding:2px 4px;} .infobox {border:1px solid #6688AA;padding:2px 4px;} .infobox-limited {max-height:200px;overflow:auto;overflow-x:hidden;} .broadcast-red {background-color:#AA5544;color:white;padding:2px 4px;} .message-learn-canlearn {font-weight:bold;color:#228822;text-decoration:underline;} .message-learn-cannotlearn {font-weight:bold;color:#CC2222;text-decoration:underline;} .message-effect-weak {font-weight:bold;color:#CC2222;} .message-effect-resist {font-weight:bold;color:#6688AA;} .message-effect-immune {font-weight:bold;color:#666666;} .message-learn-list {margin-top:0;margin-bottom:0;} .message-throttle-notice, .message-error {color:#992222;} .message-overflow, .chat small.message-overflow {font-size:0pt;} .message-overflow::before {font-size:9pt;content:'...';} .subtle {color:#3A4A66;}
</style>
<div class="wrapper replay-wrapper" style="max-width:1180px;margin:0 auto">
<input type="hidden" name="replayid" value="gen7randombattle-566570116" />
<div class="battle"></div><div class="battle-log"></div><div class="replay-controls"></div><div class="replay-controls-2"></div>
<h1 style="font-weight:normal;text-align:center"><strong>[Gen 7] Random Battle</strong><br /><a href="http://pokemonshowdown.com/users/thedreamingdemon" class="subtle" target="_blank">The Dreaming Demon</a> vs. <a href="http://pokemonshowdown.com/users/drshellgon" class="subtle" target="_blank">DrShellgon</a></h1>
<script type="text/plain" class="battle-log-data">|j|The Dreaming Demon
|j|DrShellgon
|player|p1|The Dreaming Demon|250
|player|p2|DrShellgon|2
|gametype|singles
|gen|7
|tier|[Gen 7] Random Battle
|rated
|seed|13627,59180,38381,19417,12013,24956,16303,15727,28002,54111,4129,23765
|rule|Sleep Clause Mod: Limit one foe put to sleep
|rule|HP Percentage Mod: HP is shown in percentages
|
|start
|switch|p1a: Crabominable|Crabominable, L79, F|100\/100
|switch|p2a: Klefki|Klefki, L77, F|100\/100
|turn|1
|choice|move closecombat|move reflect
|
|move|p2a: Klefki|Reflect|p2a: Klefki
|-sidestart|p2: DrShellgon|Reflect
|move|p1a: Crabominable|Close Combat|p2a: Klefki
|-damage|p2a: Klefki|46\/100
|-unboost|p1a: Crabominable|def|1
|-unboost|p1a: Crabominable|spd|1
|
|upkeep
|turn|2
|choice|switch 3|switch 5
|
|switch|p2a: Rotom|Rotom, L79|100\/100
|switch|p1a: Beautifly|Beautifly, L79, M|100\/100
|
|upkeep
|turn|3
|choice|switch 2|move voltswitch
|
|switch|p1a: Sylveon|Sylveon, L77, F|100\/100
|move|p2a: Rotom|Volt Switch|p1a: Sylveon
|-damage|p1a: Sylveon|80\/100
|choice||switch 3
|
|switch|p2a: Heatran|Heatran, L75, M|100\/100
|-item|p2a: Heatran|Air Balloon
|
|-heal|p1a: Sylveon|87\/100|[from] item: Leftovers
|upkeep
|turn|4
|choice|switch 2|move flashcannon
|
|switch|p1a: Beautifly|Beautifly, L79, M|100\/100
|move|p2a: Heatran|Flash Cannon|p1a: Beautifly
|-damage|p1a: Beautifly|44\/100
|
|upkeep
|turn|5
|choice|move psychic|move flashcannon
|
|move|p2a: Heatran|Flash Cannon|p1a: Beautifly
|-damage|p1a: Beautifly|0 fnt
|faint|p1a: Beautifly
|
|upkeep
|choice|switch 5|
|
|switch|p1a: Cobalion|Cobalion, L77|100\/100
|turn|6
|choice|move closecombat|move lavaplume
|
|move|p1a: Cobalion|Close Combat|p2a: Heatran
|-supereffective|p2a: Heatran
|-damage|p2a: Heatran|64\/100
|-enditem|p2a: Heatran|Air Balloon
|-unboost|p1a: Cobalion|def|1
|-unboost|p1a: Cobalion|spd|1
|move|p2a: Heatran|Lava Plume|p1a: Cobalion
|-supereffective|p1a: Cobalion
|-damage|p1a: Cobalion|0 fnt
|faint|p1a: Cobalion
|
|upkeep
|choice|switch 6|
|
|switch|p1a: Komala|Komala, L79, F|100\/100
|-ability|p1a: Komala|Comatose
|turn|7
|choice|move return|move protect
|
|move|p2a: Heatran|Protect|p2a: Heatran
|-singleturn|p2a: Heatran|Protect
|move|p1a: Komala|Return|p2a: Heatran
|-activate|p2a: Heatran|move: Protect
|
|upkeep
|turn|8
|choice|move return|move lavaplume
|
|move|p1a: Komala|Return|p2a: Heatran
|-resisted|p2a: Heatran
|-damage|p2a: Heatran|54\/100
|move|p2a: Heatran|Lava Plume|p1a: Komala
|-damage|p1a: Komala|60\/100
|
|-sideend|p2: DrShellgon|Reflect
|upkeep
|turn|9
|choice|move return|move lavaplume
|
|move|p1a: Komala|Return|p2a: Heatran
|-resisted|p2a: Heatran
|-damage|p2a: Heatran|34\/100
|move|p2a: Heatran|Lava Plume|p1a: Komala
|-damage|p1a: Komala|19\/100
|
|upkeep
|turn|10
|choice|move return|switch 3
|
|switch|p2a: Rotom|Rotom, L79|100\/100
|move|p1a: Komala|Return|p2a: Rotom
|-immune|p2a: Rotom|[msg]
|
|upkeep
|turn|11
|choice|move return|move voltswitch
|
|move|p1a: Komala|Return|p2a: Rotom
|-immune|p2a: Rotom|[msg]
|move|p2a: Rotom|Volt Switch|p1a: Komala
|-crit|p1a: Komala
|-damage|p1a: Komala|0 fnt
|faint|p1a: Komala
|choice||switch 3
|
|switch|p2a: Heatran|Heatran, L75, M|34\/100
|
|upkeep
|choice|switch 4|
|
|switch|p1a: Solgaleo|Solgaleo, L73|100\/100
|turn|12
|choice|move earthquake|move protect
|
|move|p2a: Heatran|Protect|p2a: Heatran
|-singleturn|p2a: Heatran|Protect
|move|p1a: Solgaleo|Earthquake|p2a: Heatran
|-activate|p2a: Heatran|move: Protect
|
|upkeep
|turn|13
|choice|switch 2|switch 3
|
|switch|p1a: Sylveon|Sylveon, L77, F|87\/100
|switch|p2a: Rotom|Rotom, L79|100\/100
|
|-heal|p1a: Sylveon|93\/100|[from] item: Leftovers
|upkeep
|turn|14
|choice|move wish|move voltswitch
|
|move|p2a: Rotom|Volt Switch|p1a: Sylveon
|-damage|p1a: Sylveon|75\/100
|choice||switch 3
|
|switch|p2a: Heatran|Heatran, L75, M|34\/100
|move|p1a: Sylveon|Wish|p1a: Sylveon
|
|-heal|p1a: Sylveon|81\/100|[from] item: Leftovers
|upkeep
|turn|15
|choice|move shadowball|move lavaplume
|
|move|p2a: Heatran|Lava Plume|p1a: Sylveon
|-damage|p1a: Sylveon|56\/100
|-status|p1a: Sylveon|brn
|move|p1a: Sylveon|Shadow Ball|p2a: Heatran
|-damage|p2a: Heatran|12\/100
|
|-heal|p1a: Sylveon|100\/100 brn|[from] move: Wish|[wisher] Sylveon
|-damage|p1a: Sylveon|94\/100 brn|[from] brn
|upkeep
|turn|16
|choice|move shadowball|move flashcannon
|
|move|p2a: Heatran|Flash Cannon|p1a: Sylveon
|-supereffective|p1a: Sylveon
|-damage|p1a: Sylveon|46\/100 brn
|move|p1a: Sylveon|Shadow Ball|p2a: Heatran
|-damage|p2a: Heatran|0 fnt
|faint|p2a: Heatran
|
|-heal|p1a: Sylveon|52\/100 brn|[from] item: Leftovers
|-damage|p1a: Sylveon|46\/100 brn|[from] brn
|upkeep
|choice||switch 4
|
|switch|p2a: Rampardos|Rampardos, L79, M|100\/100
|turn|17
|choice|switch 3|move rockpolish
|
|switch|p1a: Crabominable|Crabominable, L79, F|100\/100
|move|p2a: Rampardos|Rock Polish|p2a: Rampardos
|-boost|p2a: Rampardos|spe|2
|
|upkeep
|turn|18
|choice|move closecombat|move firepunch
|
|move|p2a: Rampardos|Fire Punch|p1a: Crabominable
|-supereffective|p1a: Crabominable
|-damage|p1a: Crabominable|3\/100
|move|p1a: Crabominable|Close Combat|p2a: Rampardos
|-supereffective|p2a: Rampardos
|-damage|p2a: Rampardos|0 fnt
|-unboost|p1a: Crabominable|def|1
|-unboost|p1a: Crabominable|spd|1
|faint|p2a: Rampardos
|
|upkeep
|c|☆DrShellgon|dumbest set ever i swear
|c|☆DrShellgon|no head smash
|choice||switch 5
|
|switch|p2a: Klefki|Klefki, L77, F|46\/100
|turn|19
|c|☆DrShellgon|... ?
|c|☆DrShellgon|hello i would like my elo
|choice|move closecombat|move playrough
|
|move|p2a: Klefki|Play Rough|p1a: Crabominable
|-supereffective|p1a: Crabominable
|-damage|p1a: Crabominable|0 fnt
|faint|p1a: Crabominable
|
|upkeep
|choice|switch 2|
|
|switch|p1a: Solgaleo|Solgaleo, L73|100\/100
|turn|20
|c|☆The Dreaming Demon|what about elo
|choice|move flareblitz|move reflect
|
|move|p2a: Klefki|Reflect|p2a: Klefki
|-sidestart|p2: DrShellgon|Reflect
|move|p1a: Solgaleo|Flare Blitz|p2a: Klefki
|-supereffective|p2a: Klefki
|-damage|p2a: Klefki|5\/100
|-damage|p1a: Solgaleo|91\/100|[from] recoil|[of] p2a: Klefki
|
|-heal|p1a: Solgaleo|98\/100|[from] item: Leftovers
|upkeep
|turn|21
|c|☆The Dreaming Demon|does it change if u win for inactivity
|c|☆DrShellgon|like im pree sure if the other person forfeits you don't get as much elo
|c|☆DrShellgon|ye
|c|☆DrShellgon|:L
|choice|move flareblitz|move spikes
|
|move|p2a: Klefki|Spikes|p1a: Solgaleo
|-sidestart|p1: The Dreaming Demon|Spikes
|move|p1a: Solgaleo|Flare Blitz|p2a: Klefki
|-supereffective|p2a: Klefki
|-damage|p2a: Klefki|0 fnt
|-damage|p1a: Solgaleo|97\/100|[from] recoil|[of] p2a: Klefki
|faint|p2a: Klefki
|
|-heal|p1a: Solgaleo|100\/100|[from] item: Leftovers
|upkeep
|choice||switch 3
|
|switch|p2a: Rotom|Rotom, L79|100\/100
|turn|22
|c|☆The Dreaming Demon|no i dont think so
|choice|move flareblitz|move willowisp
|
|move|p2a: Rotom|Will-O-Wisp|p1a: Solgaleo
|-status|p1a: Solgaleo|brn
|move|p1a: Solgaleo|Flare Blitz|p2a: Rotom
|-damage|p2a: Rotom|88\/100
|-damage|p1a: Solgaleo|98\/100 brn|[from] recoil|[of] p2a: Rotom
|
|-heal|p2a: Rotom|94\/100|[from] item: Leftovers
|-heal|p1a: Solgaleo|100\/100 brn|[from] item: Leftovers
|-damage|p1a: Solgaleo|94\/100 brn|[from] brn
|upkeep
|turn|23
|c|☆DrShellgon|hmm idk
|c|☆DrShellgon|then
|choice|move flareblitz|move voltswitch
|
|move|p2a: Rotom|Volt Switch|p1a: Solgaleo
|-damage|p1a: Solgaleo|70\/100 brn
|choice||switch 6
|
|switch|p2a: Deoxys|Deoxys-Attack, L73|100\/100
|-ability|p2a: Deoxys|Pressure
|move|p1a: Solgaleo|Flare Blitz|p2a: Deoxys
|-damage|p2a: Deoxys|70\/100
|-damage|p1a: Solgaleo|64\/100 brn|[from] recoil|[of] p2a: Deoxys
|
|-heal|p1a: Solgaleo|70\/100 brn|[from] item: Leftovers
|-damage|p1a: Solgaleo|64\/100 brn|[from] brn
|upkeep
|turn|24
|choice|move sunsteelstrike|move stealthrock
|
|move|p2a: Deoxys|Stealth Rock|p1a: Solgaleo
|-sidestart|p1: The Dreaming Demon|move: Stealth Rock
|move|p1a: Solgaleo|Sunsteel Strike|p2a: Deoxys
|-damage|p2a: Deoxys|32\/100
|
|-heal|p1a: Solgaleo|70\/100 brn|[from] item: Leftovers
|-damage|p1a: Solgaleo|64\/100 brn|[from] brn
|upkeep
|turn|25
|choice|move sunsteelstrike|move knockoff
|
|move|p2a: Deoxys|Knock Off|p1a: Solgaleo
|-supereffective|p1a: Solgaleo
|-damage|p1a: Solgaleo|0 fnt
|-enditem|p1a: Solgaleo|Leftovers|[from] move: Knock Off|[of] p2a: Deoxys
|-damage|p2a: Deoxys|22\/100|[from] item: Life Orb
|faint|p1a: Solgaleo
|
|upkeep
|choice|switch 3|
|
|switch|p1a: Sylveon|Sylveon, L77, F|46\/100 brn
|-damage|p1a: Sylveon|33\/100 brn|[from] Stealth Rock
|-damage|p1a: Sylveon|21\/100 brn|[from] Spikes
|turn|26
|c|☆DrShellgon|my goodness i kept thinking you were scarfed LOL
|choice|move hypervoice|move psychoboost
|
|move|p2a: Deoxys|Psycho Boost|p1a: Sylveon
|-damage|p1a: Sylveon|0 fnt
|-unboost|p2a: Deoxys|spa|2
|-damage|p2a: Deoxys|12\/100|[from] item: Life Orb
|faint|p1a: Sylveon
|
|win|DrShellgon
|c|☆DrShellgon|gg
|c|☆The Dreaming Demon|yes
|raw|The Dreaming Demon's rating: 1896 &rarr; <strong>1869<\/strong><br \/>(-27 for losing)
|raw|DrShellgon's rating: 1783 &rarr; <strong>1809<\/strong><br \/>(+26 for winning)
|c|☆The Dreaming Demon|i was
|c|☆The Dreaming Demon|gg</script>
</div>
<div class="battle-log battle-log-inline"><div class="inner"><div class="chat"><small>The Dreaming Demon joined.</small></div><div class="chat"><small>DrShellgon joined.</small></div><div style="padding:5px 0"><small>Format:</small> <br><strong>[Gen 7] Random Battle</strong></div><div class="rated"><strong>Rated battle</strong></div><div><small><em>Sleep Clause Mod:</em> Limit one foe put to sleep</small></div><div><small><em>HP Percentage Mod:</em> HP is shown in percentages</small></div><div>Battle between The Dreaming Demon and DrShellgon started!</div><div class="spacer"></div><div>Go! Crabominable!</div><div class="spacer"></div><div>DrShellgon sent out Klefki!</div><h2>Turn 1</h2><div class="spacer"></div><div>The opposing <span class="battle-nickname-foe" title="Klefki">Klefki</span> used <strong>Reflect</strong>!</div><div><small>Reflect made the opposing team stronger against physical moves!</small></div><div class="spacer"></div><div><span class="battle-nickname" title="Crabominable">Crabominable</span> used <strong>Close Combat</strong>!</div><div><small>The opposing <span class="battle-nickname-foe" title="Klefki">Klefki</span> lost 54% of its health!</small><br></div><div><small><span class="battle-nickname" title="Crabominable">Crabominable</span>'s Defense fell! <span class="battle-nickname" title="Crabominable">Crabominable</span>'s Special Defense fell! </small></div><h2>Turn 2</h2><div class="spacer"></div><div>DrShellgon withdrew Klefki!</div><div class="spacer"></div><div>DrShellgon sent out Rotom!</div><div class="spacer"></div><div><span class="battle-nickname" title="Crabominable">Crabominable</span>, come back!</div><div class="spacer"></div><div>Go! Beautifly!</div><h2>Turn 3</h2><div class="spacer"></div><div><span class="battle-nickname" title="Beautifly">Beautifly</span>, come back!</div><div class="spacer"></div><div>Go! Sylveon!</div><div class="spacer"></div><div>The opposing <span class="battle-nickname-foe" title="Rotom">Rotom</span> used <strong>Volt Switch</strong>!</div><div><small><span class="battle-nickname" title="Sylveon">Sylveon</span> lost 20% of its health!</small><br></div><div class="spacer"></div><div>The opposing <span class="battle-nickname-foe" title="Rotom">Rotom</span> went back to DrShellgon!</div><div class="spacer"></div><div>DrShellgon sent out Heatran!</div><div><small>The opposing <span class="battle-nickname-foe" title="Heatran">Heatran</span> floats in the air with its Air Balloon!</small></div><div class="spacer"></div><div><small><span class="battle-nickname" title="Sylveon">Sylveon</span> restored a little HP using its Leftovers!</small></div><h2>Turn 4</h2><div class="spacer"></div><div><span class="battle-nickname" title="Sylveon">Sylveon</span>, come back!</div><div class="spacer"></div><div>Go! Beautifly!</div><div class="spacer"></div><div>The opposing <span class="battle-nickname-foe" title="Heatran">Heatran</span> used <strong>Flash Cannon</strong>!</div><div><small><span class="battle-nickname" title="Beautifly">Beautifly</span> lost 56% of its health!</small><br></div><h2>Turn 5</h2><div class="spacer"></div><div>The opposing <span class="battle-nickname-foe" title="Heatran">Heatran</span> used <strong>Flash Cannon</strong>!</div><div><small><span class="battle-nickname" title="Beautifly">Beautifly</span> lost 44% of its health!</small><br></div><div class="spacer"></div><div><span class="battle-nickname" title="Beautifly">Beautifly</span> fainted!</div><div class="spacer"></div><div>Go! Cobalion!</div><h2>Turn 6</h2><div class="spacer"></div><div><span class="battle-nickname" title="Cobalion">Cobalion</span> used <strong>Close Combat</strong>!</div><div><small>It's super effective! </small><small>The opposing <span class="battle-nickname-foe" title="Heatran">Heatran</span> lost 36% of its health!</small><br></div><div><small>The opposing <span class="battle-nickname-foe" title="Heatran">Heatran</span>'s Air Balloon popped!</small></div><div><small><span class="battle-nickname" title="Cobalion">Cobalion</span>'s Defense fell! <span class="battle-nickname" title="Cobalion">Cobalion</span>'s Special Defense fell! </small></div><div class="spacer"></div><div>The opposing <span class="battle-nickname-foe" title="Heatran">Heatran</span> used <strong>Lava Plume</strong>!</div><div><small>It's super effective! </small><small><span class="battle-nickname" title="Cobalion">Cobalion</span> lost 100% of its health!</small><br></div><div class="spacer"></div><div><span class="battle-nickname" title="Cobalion">Cobalion</span> fainted!</div><div class="spacer"></div><div>Go! Komala!</div><div><small>[<span class="battle-nickname" title="Komala">Komala</span>'s Comatose!]</small></div><div><small><span class="battle-nickname" title="Komala">Komala</span> is drowsing!</small></div><h2>Turn 7</h2><div class="spacer"></div><div>The opposing <span class="battle-nickname-foe" title="Heatran">Heatran</span> used <strong>Protect</strong>!</div><div><small>The opposing <span class="battle-nickname-foe" title="Heatran">Heatran</span> protected itself!</small></div><div class="spacer"></div><div><span class="battle-nickname" title="Komala">Komala</span> used <strong>Return</strong>!</div><div><small>The opposing <span class="battle-nickname-foe" title="Heatran">Heatran</span> protected itself!</small></div><h2>Turn 8</h2><div class="spacer"></div><div><span class="battle-nickname" title="Komala">Komala</span> used <strong>Return</strong>!</div><div><small>It's not very effective... </small><small>The opposing <span class="battle-nickname-foe" title="Heatran">Heatran</span> lost 10% of its health!</small><br></div><div class="spacer"></div><div>The opposing <span class="battle-nickname-foe" title="Heatran">Heatran</span> used <strong>Lava Plume</strong>!</div><div><small><span class="battle-nickname" title="Komala">Komala</span> lost 40% of its health!</small><br></div><div class="spacer"></div><div><small>The opposing team's Reflect wore off!</small></div><h2>Turn 9</h2><div class="spacer"></div><div><span class="battle-nickname" title="Komala">Komala</span> used <strong>Return</strong>!</div><div><small>It's not very effective... </small><small>The opposing <span class="battle-nickname-foe" title="Heatran">Heatran</span> lost 20% of its health!</small><br></div><div class="spacer"></div><div>The opposing <span class="battle-nickname-foe" title="Heatran">Heatran</span> used <strong>Lava Plume</strong>!</div><div><small><span class="battle-nickname" title="Komala">Komala</span> lost 41% of its health!</small><br></div><h2>Turn 10</h2><div class="spacer"></div><div>DrShellgon withdrew Heatran!</div><div class="spacer"></div><div>DrShellgon sent out Rotom!</div><div class="spacer"></div><div><span class="battle-nickname" title="Komala">Komala</span> used <strong>Return</strong>!</div><div><small>It doesn't affect the opposing <span class="battle-nickname-foe" title="Rotom">Rotom</span>... </small></div><h2>Turn 11</h2><div class="spacer"></div><div><span class="battle-nickname" title="Komala">Komala</span> used <strong>Return</strong>!</div><div><small>It doesn't affect the opposing <span class="battle-nickname-foe" title="Rotom">Rotom</span>... </small></div><div class="spacer"></div><div>The opposing <span class="battle-nickname-foe" title="Rotom">Rotom</span> used <strong>Volt Switch</strong>!</div><div><small>A critical hit! </small><small><span class="battle-nickname" title="Komala">Komala</span> lost 19% of its health!</small><br></div><div class="spacer"></div><div><span class="battle-nickname" title="Komala">Komala</span> fainted!</div><div class="spacer"></div><div>The opposing <span class="battle-nickname-foe" title="Rotom">Rotom</span> went back to DrShellgon!</div><div class="spacer"></div><div>DrShellgon sent out Heatran!</div><div class="spacer"></div><div>Go! Solgaleo!</div><h2>Turn 12</h2><div class="spacer"></div><div>The opposing <span class="battle-nickname-foe" title="Heatran">Heatran</span> used <strong>Protect</strong>!</div><div><small>The opposing <span class="battle-nickname-foe" title="Heatran">Heatran</span> protected itself!</small></div><div class="spacer"></div><div><span class="battle-nickname" title="Solgaleo">Solgaleo</span> used <strong>Earthquake</strong>!</div><div><small>The opposing <span class="battle-nickname-foe" title="Heatran">Heatran</span> protected itself!</small></div><h2>Turn 13</h2><div class="spacer"></div><div><span class="battle-nickname" title="Solgaleo">Solgaleo</span>, come back!</div><div class="spacer"></div><div>Go! Sylveon!</div><div class="spacer"></div><div>DrShellgon withdrew Heatran!</div><div class="spacer"></div><div>DrShellgon sent out Rotom!</div><div class="spacer"></div><div><small><span class="battle-nickname" title="Sylveon">Sylveon</span> restored a little HP using its Leftovers!</small></div><h2>Turn 14</h2><div class="spacer"></div><div>The opposing <span class="battle-nickname-foe" title="Rotom">Rotom</span> used <strong>Volt Switch</strong>!</div><div><small><span class="battle-nickname" title="Sylveon">Sylveon</span> lost 18% of its health!</small><br></div><div class="spacer"></div><div>The opposing <span class="battle-nickname-foe" title="Rotom">Rotom</span> went back to DrShellgon!</div><div class="spacer"></div><div>DrShellgon sent out Heatran!</div><div class="spacer"></div><div><span class="battle-nickname" title="Sylveon">Sylveon</span> used <strong>Wish</strong>!</div><div class="spacer"></div><div><small><span class="battle-nickname" title="Sylveon">Sylveon</span> restored a little HP using its Leftovers!</small></div><h2>Turn 15</h2><div class="spacer"></div><div>The opposing <span class="battle-nickname-foe" title="Heatran">Heatran</span> used <strong>Lava Plume</strong>!</div><div><small><span class="battle-nickname" title="Sylveon">Sylveon</span> lost 25% of its health!</small><br></div><div><small><span class="battle-nickname" title="Sylveon">Sylveon</span> was burned!</small></div><div class="spacer"></div><div><span class="battle-nickname" title="Sylveon">Sylveon</span> used <strong>Shadow Ball</strong>!</div><div><small>The opposing <span class="battle-nickname-foe" title="Heatran">Heatran</span> lost 22% of its health!</small><br></div><div class="spacer"></div><div><small>Sylveon's wish came true!</small></div><div><small><span class="battle-nickname" title="Sylveon">Sylveon</span> was hurt by its burn!</small></div><h2>Turn 16</h2><div class="spacer"></div><div>The opposing <span class="battle-nickname-foe" title="Heatran">Heatran</span> used <strong>Flash Cannon</strong>!</div><div><small>It's super effective! </small><small><span class="battle-nickname" title="Sylveon">Sylveon</span> lost 48% of its health!</small><br></div><div class="spacer"></div><div><span class="battle-nickname" title="Sylveon">Sylveon</span> used <strong>Shadow Ball</strong>!</div><div><small>The opposing <span class="battle-nickname-foe" title="Heatran">Heatran</span> lost 12% of its health!</small><br></div><div class="spacer"></div><div>The opposing <span class="battle-nickname-foe" title="Heatran">Heatran</span> fainted!</div><div class="spacer"></div><div><small><span class="battle-nickname" title="Sylveon">Sylveon</span> restored a little HP using its Leftovers!</small></div><div><small><span class="battle-nickname" title="Sylveon">Sylveon</span> was hurt by its burn!</small></div><div class="spacer"></div><div>DrShellgon sent out Rampardos!</div><h2>Turn 17</h2><div class="spacer"></div><div><span class="battle-nickname" title="Sylveon">Sylveon</span>, come back!</div><div class="spacer"></div><div>Go! Crabominable!</div><div class="spacer"></div><div>The opposing <span class="battle-nickname-foe" title="Rampardos">Rampardos</span> used <strong>Rock Polish</strong>!</div><div><small>The opposing <span class="battle-nickname-foe" title="Rampardos">Rampardos</span>'s Speed rose sharply! </small></div><h2>Turn 18</h2><div class="spacer"></div><div>The opposing <span class="battle-nickname-foe" title="Rampardos">Rampardos</span> used <strong>Fire Punch</strong>!</div><div><small>It's super effective! </small><small><span class="battle-nickname" title="Crabominable">Crabominable</span> lost 97% of its health!</small><br></div><div class="spacer"></div><div><span class="battle-nickname" title="Crabominable">Crabominable</span> used <strong>Close Combat</strong>!</div><div><small>It's super effective! </small><small>The opposing <span class="battle-nickname-foe" title="Rampardos">Rampardos</span> lost 100% of its health!</small><br></div><div><small><span class="battle-nickname" title="Crabominable">Crabominable</span>'s Defense fell! <span class="battle-nickname" title="Crabominable">Crabominable</span>'s Special Defense fell! </small></div><div class="spacer"></div><div>The opposing <span class="battle-nickname-foe" title="Rampardos">Rampardos</span> fainted!</div><div class="chat chatmessage-drshellgon"><strong style="color:hsl(175,76%,39%);"><small>☆</small><span class="username" data-name="DrShellgon">DrShellgon</span>:</strong> <em>dumbest set ever i swear</em></div><div class="chat chatmessage-drshellgon"><strong style="color:hsl(175,76%,39%);"><small>☆</small><span class="username" data-name="DrShellgon">DrShellgon</span>:</strong> <em>no head smash</em></div><div class="spacer"></div><div>DrShellgon sent out Klefki!</div><h2>Turn 19</h2><div class="chat chatmessage-drshellgon"><strong style="color:hsl(175,76%,39%);"><small>☆</small><span class="username" data-name="DrShellgon">DrShellgon</span>:</strong> <em>... ?</em></div><div class="chat chatmessage-drshellgon"><strong style="color:hsl(175,76%,39%);"><small>☆</small><span class="username" data-name="DrShellgon">DrShellgon</span>:</strong> <em>hello i would like my elo</em></div><div class="spacer"></div><div>The opposing <span class="battle-nickname-foe" title="Klefki">Klefki</span> used <strong>Play Rough</strong>!</div><div><small>It's super effective! </small><small><span class="battle-nickname" title="Crabominable">Crabominable</span> lost 3% of its health!</small><br></div><div class="spacer"></div><div><span class="battle-nickname" title="Crabominable">Crabominable</span> fainted!</div><div class="spacer"></div><div>Go! Solgaleo!</div><h2>Turn 20</h2><div class="chat chatmessage-thedreamingdemon"><strong style="color:hsl(78,82.25314133333333%,37.74685866666667%);"><small>☆</small><span class="username" data-name="The Dreaming Demon">The Dreaming Demon</span>:</strong> <em>what about elo</em></div><div class="spacer"></div><div>The opposing <span class="battle-nickname-foe" title="Klefki">Klefki</span> used <strong>Reflect</strong>!</div><div><small>Reflect made the opposing team stronger against physical moves!</small></div><div class="spacer"></div><div><span class="battle-nickname" title="Solgaleo">Solgaleo</span> used <strong>Flare Blitz</strong>!</div><div><small>It's super effective! </small><small>The opposing <span class="battle-nickname-foe" title="Klefki">Klefki</span> lost 41% of its health!</small><br></div><div><small><span class="battle-nickname" title="Solgaleo">Solgaleo</span> is damaged by the recoil!</small></div><div class="spacer"></div><div><small><span class="battle-nickname" title="Solgaleo">Solgaleo</span> restored a little HP using its Leftovers!</small></div><h2>Turn 21</h2><div class="chat chatmessage-thedreamingdemon"><strong style="color:hsl(78,82.25314133333333%,37.74685866666667%);"><small>☆</small><span class="username" data-name="The Dreaming Demon">The Dreaming Demon</span>:</strong> <em>does it change if u win for inactivity</em></div><div class="chat chatmessage-drshellgon"><strong style="color:hsl(175,76%,39%);"><small>☆</small><span class="username" data-name="DrShellgon">DrShellgon</span>:</strong> <em>like im pree sure if the other person forfeits you don't get as much elo</em></div><div class="chat chatmessage-drshellgon"><strong style="color:hsl(175,76%,39%);"><small>☆</small><span class="username" data-name="DrShellgon">DrShellgon</span>:</strong> <em>ye</em></div><div class="chat chatmessage-drshellgon"><strong style="color:hsl(175,76%,39%);"><small>☆</small><span class="username" data-name="DrShellgon">DrShellgon</span>:</strong> <em>:L</em></div><div class="spacer"></div><div>The opposing <span class="battle-nickname-foe" title="Klefki">Klefki</span> used <strong>Spikes</strong>!</div><div><small>Spikes were scattered on the ground all around your team!</small></div><div class="spacer"></div><div><span class="battle-nickname" title="Solgaleo">Solgaleo</span> used <strong>Flare Blitz</strong>!</div><div><small>It's super effective! </small><small>The opposing <span class="battle-nickname-foe" title="Klefki">Klefki</span> lost 5% of its health!</small><br></div><div><small><span class="battle-nickname" title="Solgaleo">Solgaleo</span> is damaged by the recoil!</small></div><div class="spacer"></div><div>The opposing <span class="battle-nickname-foe" title="Klefki">Klefki</span> fainted!</div><div class="spacer"></div><div><small><span class="battle-nickname" title="Solgaleo">Solgaleo</span> restored a little HP using its Leftovers!</small></div><div class="spacer"></div><div>DrShellgon sent out Rotom!</div><h2>Turn 22</h2><div class="chat chatmessage-thedreamingdemon"><strong style="color:hsl(78,82.25314133333333%,37.74685866666667%);"><small>☆</small><span class="username" data-name="The Dreaming Demon">The Dreaming Demon</span>:</strong> <em>no i dont think so</em></div><div class="spacer"></div><div>The opposing <span class="battle-nickname-foe" title="Rotom">Rotom</span> used <strong>Will-O-Wisp</strong>!</div><div><small><span class="battle-nickname" title="Solgaleo">Solgaleo</span> was burned!</small></div><div class="spacer"></div><div><span class="battle-nickname" title="Solgaleo">Solgaleo</span> used <strong>Flare Blitz</strong>!</div><div><small>The opposing <span class="battle-nickname-foe" title="Rotom">Rotom</span> lost 12% of its health!</small><br></div><div><small><span class="battle-nickname" title="Solgaleo">Solgaleo</span> is damaged by the recoil!</small></div><div class="spacer"></div><div><small>The opposing <span class="battle-nickname-foe" title="Rotom">Rotom</span> restored a little HP using its Leftovers!</small></div><div><small><span class="battle-nickname" title="Solgaleo">Solgaleo</span> restored a little HP using its Leftovers!</small></div><div><small><span class="battle-nickname" title="Solgaleo">Solgaleo</span> was hurt by its burn!</small></div><h2>Turn 23</h2><div class="chat chatmessage-drshellgon"><strong style="color:hsl(175,76%,39%);"><small>☆</small><span class="username" data-name="DrShellgon">DrShellgon</span>:</strong> <em>hmm idk</em></div><div class="chat chatmessage-drshellgon"><strong style="color:hsl(175,76%,39%);"><small>☆</small><span class="username" data-name="DrShellgon">DrShellgon</span>:</strong> <em>then</em></div><div class="spacer"></div><div>The opposing <span class="battle-nickname-foe" title="Rotom">Rotom</span> used <strong>Volt Switch</strong>!</div><div><small><span class="battle-nickname" title="Solgaleo">Solgaleo</span> lost 24% of its health!</small><br></div><div class="spacer"></div><div>The opposing <span class="battle-nickname-foe" title="Rotom">Rotom</span> went back to DrShellgon!</div><div class="spacer"></div><div>DrShellgon sent out <span class="battle-nickname-foe" title="Deoxys-Attack">Deoxys <small>(Deoxys-Attack)</small></span>!</div><div><small>[Opposing <span class="battle-nickname-foe" title="Deoxys-Attack">Deoxys</span>'s Pressure!]</small></div><div><small>The opposing <span class="battle-nickname-foe" title="Deoxys-Attack">Deoxys</span> is exerting its pressure!</small></div><div class="spacer"></div><div><span class="battle-nickname" title="Solgaleo">Solgaleo</span> used <strong>Flare Blitz</strong>!</div><div><small>The opposing <span class="battle-nickname-foe" title="Deoxys-Attack">Deoxys</span> lost 30% of its health!</small><br></div><div><small><span class="battle-nickname" title="Solgaleo">Solgaleo</span> is damaged by the recoil!</small></div><div class="spacer"></div><div><small><span class="battle-nickname" title="Solgaleo">Solgaleo</span> restored a little HP using its Leftovers!</small></div><div><small><span class="battle-nickname" title="Solgaleo">Solgaleo</span> was hurt by its burn!</small></div><h2>Turn 24</h2><div class="spacer"></div><div>The opposing <span class="battle-nickname-foe" title="Deoxys-Attack">Deoxys</span> used <strong>Stealth Rock</strong>!</div><div><small>Pointed stones float in the air around your team!</small></div><div class="spacer"></div><div><span class="battle-nickname" title="Solgaleo">Solgaleo</span> used <strong>Sunsteel Strike</strong>!</div><div><small>The opposing <span class="battle-nickname-foe" title="Deoxys-Attack">Deoxys</span> lost 38% of its health!</small><br></div><div class="spacer"></div><div><small><span class="battle-nickname" title="Solgaleo">Solgaleo</span> restored a little HP using its Leftovers!</small></div><div><small><span class="battle-nickname" title="Solgaleo">Solgaleo</span> was hurt by its burn!</small></div><h2>Turn 25</h2><div class="spacer"></div><div>The opposing <span class="battle-nickname-foe" title="Deoxys-Attack">Deoxys</span> used <strong>Knock Off</strong>!</div><div><small>It's super effective! </small><small><span class="battle-nickname" title="Solgaleo">Solgaleo</span> lost 64% of its health!</small><br></div><div><small>The opposing <span class="battle-nickname-foe" title="Deoxys-Attack">Deoxys</span> knocked off <span class="battle-nickname" title="Solgaleo">Solgaleo</span>'s Leftovers!</small></div><div><small>The opposing <span class="battle-nickname-foe" title="Deoxys-Attack">Deoxys</span> lost some of its HP!</small></div><div class="spacer"></div><div><span class="battle-nickname" title="Solgaleo">Solgaleo</span> fainted!</div><div class="spacer"></div><div>Go! Sylveon!</div><div><small>Pointed stones dug into <span class="battle-nickname" title="Sylveon">Sylveon</span>!</small></div><div><small><span class="battle-nickname" title="Sylveon">Sylveon</span> is hurt by the spikes!</small></div><h2>Turn 26</h2><div class="chat chatmessage-drshellgon"><strong style="color:hsl(175,76%,39%);"><small>☆</small><span class="username" data-name="DrShellgon">DrShellgon</span>:</strong> <em>my goodness i kept thinking you were scarfed LOL</em></div><div class="spacer"></div><div>The opposing <span class="battle-nickname-foe" title="Deoxys-Attack">Deoxys</span> used <strong>Psycho Boost</strong>!</div><div><small><span class="battle-nickname" title="Sylveon">Sylveon</span> lost 21% of its health!</small><br></div><div><small>The opposing <span class="battle-nickname-foe" title="Deoxys-Attack">Deoxys</span>'s Special Attack fell harshly! </small></div><div><small>The opposing <span class="battle-nickname-foe" title="Deoxys-Attack">Deoxys</span> lost some of its HP!</small></div><div class="spacer"></div><div><span class="battle-nickname" title="Sylveon">Sylveon</span> fainted!</div><div class="spacer"></div><div>DrShellgon won the battle!</div><div class="chat chatmessage-drshellgon"><strong style="color:hsl(175,76%,39%);"><small>☆</small><span class="username" data-name="DrShellgon">DrShellgon</span>:</strong> <em>gg</em></div><div class="chat chatmessage-thedreamingdemon"><strong style="color:hsl(78,82.25314133333333%,37.74685866666667%);"><small>☆</small><span class="username" data-name="The Dreaming Demon">The Dreaming Demon</span>:</strong> <em>yes</em></div><div class="chat">The Dreaming Demon's rating: 1896 → <strong>1869</strong><br>(-27 for losing)</div><div class="chat">DrShellgon's rating: 1783 → <strong>1809</strong><br>(+26 for winning)</div><div class="chat chatmessage-thedreamingdemon"><strong style="color:hsl(78,82.25314133333333%,37.74685866666667%);"><small>☆</small><span class="username" data-name="The Dreaming Demon">The Dreaming Demon</span>:</strong> <em>i was</em></div><div class="chat chatmessage-thedreamingdemon"><strong style="color:hsl(78,82.25314133333333%,37.74685866666667%);"><small>☆</small><span class="username" data-name="The Dreaming Demon">The Dreaming Demon</span>:</strong> <em>gg</em></div></div></div>
</div>
<script>
var daily = Math.floor(Date.now()/1000/60/60/24);document.write('<script src="https://play.pokemonshowdown.com/js/replay-embed.js?version'+daily+'"></'+'script>');
</script>
