<!DOCTYPE html>
<meta charset="utf-8" />
<!-- version 1 -->
<title>[Gen 7] Random Battle replay: adityagnit vs. Mano3223</title>
<style>
html,body {font-family:Verdana, sans-serif;font-size:10pt;margin:0;padding:0;}body{padding:12px 0;} .battle-log {font-family:Verdana, sans-serif;font-size:10pt;} .battle-log-inline {border:1px solid #AAAAAA;background:#EEF2F5;color:black;max-width:640px;margin:0 auto 80px;padding-bottom:5px;} .battle-log .inner {padding:4px 8px 0px 8px;} .battle-log .inner-preempt {padding:0 8px 4px 8px;} .battle-log .inner-after {margin-top:0.5em;} .battle-log h2 {margin:0.5em -8px;padding:4px 8px;border:1px solid #AAAAAA;background:#E0E7EA;border-left:0;border-right:0;font-family:Verdana, sans-serif;font-size:13pt;} .battle-log .chat {vertical-align:middle;padding:3px 0 3px 0;font-size:8pt;} .battle-log .chat strong {color:#40576A;} .battle-log .chat em {padding:1px 4px 1px 3px;color:#000000;font-style:normal;} .chat.mine {background:rgba(0,0,0,0.05);margin-left:-8px;margin-right:-8px;padding-left:8px;padding-right:8px;} .spoiler {color:#BBBBBB;background:#BBBBBB;padding:0px 3px;} .spoiler:hover, .spoiler:active, .spoiler-shown {color:#000000;background:#E2E2E2;padding:0px 3px;} .spoiler a {color:#BBBBBB;} .spoiler:hover a, .spoiler:active a, .spoiler-shown a {color:#2288CC;} .chat code, .chat .spoiler:hover code, .chat .spoiler:active code, .chat .spoiler-shown code {border:1px solid #C0C0C0;background:#EEEEEE;color:black;padding:0 2px;} .chat .spoiler code {border:1px solid #CCCCCC;background:#CCCCCC;color:#CCCCCC;} .battle-log .rated {padding:3px 4px;} .battle-log .rated strong {color:white;background:#89A;padding:1px 4px;border-radius:4px;} .spacer {margin-top:0.5em;} .message-announce {background:#6688AA;color:white;padding:1px 4px 2px;} .message-announce a, .broadcast-green a, .broadcast-blue a, .broadcast-red a {color:#DDEEFF;} .broadcast-green {background-color:#559955;color:white;padding:2px 4px;} .broadcast-blue {background-color:#6688AA;color:white;padding:2px 4px;} .infobox {border:1px solid #6688AA;padding:2px 4px;} .infobox-limited {max-height:200px;overflow:auto;overflow-x:hidden;} .broadcast-red {background-color:#AA5544;color:white;padding:2px 4px;} .message-learn-canlearn {font-weight:bold;color:#228822;text-decoration:underline;} .message-learn-cannotlearn {font-weight:bold;color:#CC2222;text-decoration:underline;} .message-effect-weak {font-weight:bold;color:#CC2222;} .message-effect-resist {font-weight:bold;color:#6688AA;} .message-effect-immune {font-weight:bold;color:#666666;} .message-learn-list {margin-top:0;margin-bottom:0;} .message-throttle-notice, .message-error {color:#992222;} .message-overflow, .chat small.message-overflow {font-size:0pt;} .message-overflow::before {font-size:9pt;content:'...';} .subtle {color:#3A4A66;}
</style>
<div class="wrapper replay-wrapper" style="max-width:1180px;margin:0 auto">
<input type="hidden" name="replayid" value="gen7randombattle-566983842" />
<div class="battle"></div><div class="battle-log"></div><div class="replay-controls"></div><div class="replay-controls-2"></div>
<h1 style="font-weight:normal;text-align:center"><strong>[Gen 7] Random Battle</strong><br /><a href="http://pokemonshowdown.com/users/adityagnit" class="subtle" target="_blank">adityagnit</a> vs. <a href="http://pokemonshowdown.com/users/mano3223" class="subtle" target="_blank">Mano3223</a></h1>
<script type="text/plain" class="battle-log-data">|j|adityagnit
|j|Mano3223
|player|p1|adityagnit|102
|player|p2|Mano3223|290
|gametype|singles
|gen|7
|tier|[Gen 7] Random Battle
|rated
|seed|15738,56462,46641,25836,5168,2539,54324,39507,63841,549,28523,35215
|rule|Sleep Clause Mod: Limit one foe put to sleep
|rule|HP Percentage Mod: HP is shown in percentages
|
|start
|switch|p1a: Hitmonlee|Hitmonlee, L79, M|100\/100
|switch|p2a: Solrock|Solrock, L79|100\/100
|turn|1
|inactive|Battle timer is ON: inactive players will automatically lose when time's up. (requested by adityagnit)
|choice|move highjumpkick|move reflect
|
|move|p1a: Hitmonlee|High Jump Kick|p2a: Solrock
|-damage|p2a: Solrock|39\/100
|move|p2a: Solrock|Reflect|p2a: Solrock
|-sidestart|p2: Mano3223|Reflect
|
|upkeep
|turn|2
|choice|move highjumpkick|move stealthrock
|
|move|p1a: Hitmonlee|High Jump Kick|p2a: Solrock
|-damage|p2a: Solrock|12\/100
|move|p2a: Solrock|Stealth Rock|p1a: Hitmonlee
|-sidestart|p1: adityagnit|move: Stealth Rock
|
|upkeep
|turn|3
|choice|move rapidspin|move lightscreen
|
|move|p1a: Hitmonlee|Rapid Spin|p2a: Solrock
|-resisted|p2a: Solrock
|-damage|p2a: Solrock|11\/100
|-sideend|p1: adityagnit|Stealth Rock|[from] move: Rapid Spin|[of] p1a: Hitmonlee
|move|p2a: Solrock|Light Screen|p2a: Solrock
|-sidestart|p2: Mano3223|move: Light Screen
|
|upkeep
|turn|4
|choice|move highjumpkick|move rockslide
|
|move|p1a: Hitmonlee|High Jump Kick|p2a: Solrock
|-damage|p2a: Solrock|0 fnt
|faint|p2a: Solrock
|
|upkeep
|choice||switch 4
|
|switch|p2a: Uxie|Uxie, L79|100\/100
|turn|5
|choice|switch 4|move psychic
|
|switch|p1a: Klefki|Klefki, L77, M|100\/100
|move|p2a: Uxie|Psychic|p1a: Klefki
|-resisted|p1a: Klefki
|-damage|p1a: Klefki|82\/100
|
|upkeep
|turn|6
|choice|move foulplay|move yawn
|
|move|p2a: Uxie|Yawn|p1a: Klefki
|-start|p1a: Klefki|move: Yawn|[of] p2a: Uxie
|move|p1a: Klefki|Foul Play|p2a: Uxie
|-supereffective|p2a: Uxie
|-damage|p2a: Uxie|85\/100
|
|-heal|p2a: Uxie|91\/100|[from] item: Leftovers
|upkeep
|turn|7
|choice|switch 3|move psychic
|
|switch|p1a: Rotom|Rotom-Mow, L79|100\/100
|move|p2a: Uxie|Psychic|p1a: Rotom
|-damage|p1a: Rotom|71\/100
|
|-heal|p2a: Uxie|97\/100|[from] item: Leftovers
|upkeep
|turn|8
|choice|move voltswitch|move uturn
|
|move|p2a: Uxie|U-turn|p1a: Rotom
|-supereffective|p1a: Rotom
|-damage|p1a: Rotom|38\/100
|choice||switch 3
|
|switch|p2a: Gligar|Gligar, L79, F|100\/100
|move|p1a: Rotom|Volt Switch|p2a: Gligar
|-immune|p2a: Gligar|[msg]
|
|-sideend|p2: Mano3223|Reflect
|upkeep
|turn|9
|choice|move painsplit|move toxic
|
|move|p1a: Rotom|Pain Split|p2a: Gligar
|-sethp|p2a: Gligar|67\/100|p1a: Rotom|75\/100|[from] move: Pain Split
|move|p2a: Gligar|Toxic|p1a: Rotom
|-status|p1a: Rotom|tox
|
|-damage|p1a: Rotom|68\/100 tox|[from] psn
|upkeep
|turn|10
|choice|move leafstorm|move roost
|
|move|p1a: Rotom|Leaf Storm|p2a: Gligar
|-damage|p2a: Gligar|35\/100
|-unboost|p1a: Rotom|spa|2
|-damage|p1a: Rotom|59\/100 tox|[from] item: Life Orb
|move|p2a: Gligar|Roost|p2a: Gligar
|-heal|p2a: Gligar|85\/100
|
|-damage|p1a: Rotom|46\/100 tox|[from] psn
|-sideend|p2: Mano3223|move: Light Screen
|upkeep
|turn|11
|choice|switch 5|move defog
|
|switch|p1a: Medicham|Medicham, L75, F|100\/100
|move|p2a: Gligar|Defog|p1a: Medicham
|-unboost|p1a: Medicham|evasion|1
|
|upkeep
|turn|12
|choice|move icepunch mega|move toxic
|
|detailschange|p1a: Medicham|Medicham-Mega, L75, F
|-mega|p1a: Medicham|Medicham|Medichamite
|move|p1a: Medicham|Ice Punch|p2a: Gligar
|-supereffective|p2a: Gligar
|-damage|p2a: Gligar|0 fnt
|faint|p2a: Gligar
|
|upkeep
|choice||switch 6
|
|switch|p2a: Moltres|Moltres, L79|100\/100
|-ability|p2a: Moltres|Pressure
|turn|13
|choice|switch 2|move hurricane
|
|switch|p1a: Pelipper|Pelipper, L75, M|100\/100
|-weather|RainDance|[from] ability: Drizzle|[of] p1a: Pelipper
|move|p2a: Moltres|Hurricane|p1a: Pelipper
|-damage|p1a: Pelipper|23\/100
|
|-weather|RainDance|[upkeep]
|upkeep
|turn|14
|choice|move scald|move hurricane
|
|move|p2a: Moltres|Hurricane|p1a: Pelipper
|-damage|p1a: Pelipper|0 fnt
|faint|p1a: Pelipper
|
|-weather|RainDance|[upkeep]
|upkeep
|choice|switch 6|
|
|switch|p1a: Electrode|Electrode, L79|100\/100
|turn|15
|choice|move voltswitch|move hurricane
|
|move|p1a: Electrode|Volt Switch|p2a: Moltres
|-supereffective|p2a: Moltres
|-damage|p2a: Moltres|45\/100
|choice|switch 5|
|
|switch|p1a: Rotom|Rotom-Mow, L79|46\/100 tox
|move|p2a: Moltres|Hurricane|p1a: Rotom
|-damage|p1a: Rotom|0 fnt
|faint|p1a: Rotom
|
|-weather|RainDance|[upkeep]
|-heal|p2a: Moltres|51\/100|[from] item: Leftovers
|upkeep
|choice|switch 5|
|
|switch|p1a: Electrode|Electrode, L79|100\/100
|turn|16
|choice|move voltswitch|switch 2
|
|switch|p2a: Sandslash|Sandslash-Alola, L79, M|100\/100
|move|p1a: Electrode|Volt Switch|p2a: Sandslash
|-damage|p2a: Sandslash|69\/100
|choice|switch 4|
|
|switch|p1a: Hitmonlee|Hitmonlee, L79, M|100\/100
|
|-weather|RainDance|[upkeep]
|upkeep
|turn|17
|choice|move highjumpkick|switch 3
|
|switch|p2a: Uxie|Uxie, L79|97\/100
|move|p1a: Hitmonlee|High Jump Kick|p2a: Uxie
|-resisted|p2a: Uxie
|-damage|p2a: Uxie|74\/100
|
|-weather|none
|-heal|p2a: Uxie|80\/100|[from] item: Leftovers
|upkeep
|turn|18
|choice|switch 3|move yawn
|
|switch|p1a: Klefki|Klefki, L77, M|82\/100
|move|p2a: Uxie|Yawn|p1a: Klefki
|-start|p1a: Klefki|move: Yawn|[of] p2a: Uxie
|
|-heal|p2a: Uxie|86\/100|[from] item: Leftovers
|upkeep
|turn|19
|choice|switch 4|move psychic
|
|switch|p1a: Electrode|Electrode, L79|100\/100
|move|p2a: Uxie|Psychic|p1a: Electrode
|-damage|p1a: Electrode|64\/100
|
|-heal|p2a: Uxie|92\/100|[from] item: Leftovers
|upkeep
|turn|20
|choice|move foulplay|move psychic
|
|move|p1a: Electrode|Foul Play|p2a: Uxie
|-supereffective|p2a: Uxie
|-damage|p2a: Uxie|55\/100
|move|p2a: Uxie|Psychic|p1a: Electrode
|-damage|p1a: Electrode|30\/100
|
|-heal|p2a: Uxie|61\/100|[from] item: Leftovers
|upkeep
|turn|21
|choice|move voltswitch|move psychic
|
|move|p1a: Electrode|Volt Switch|p2a: Uxie
|-damage|p2a: Uxie|42\/100
|choice|switch 4|
|
|switch|p1a: Klefki|Klefki, L77, M|82\/100
|move|p2a: Uxie|Psychic|p1a: Klefki
|-resisted|p1a: Klefki
|-damage|p1a: Klefki|65\/100
|
|-heal|p2a: Uxie|48\/100|[from] item: Leftovers
|upkeep
|turn|22
|choice|move toxic|move uturn
|
|move|p1a: Klefki|Toxic|p2a: Uxie
|-status|p2a: Uxie|tox
|move|p2a: Uxie|U-turn|p1a: Klefki
|-resisted|p1a: Klefki
|-damage|p1a: Klefki|60\/100
|choice||switch 2
|
|switch|p2a: Moltres|Moltres, L79|51\/100
|-ability|p2a: Moltres|Pressure
|
|-heal|p2a: Moltres|57\/100|[from] item: Leftovers
|upkeep
|turn|23
|choice|move lightscreen|move substitute
|
|move|p1a: Klefki|Light Screen|p1a: Klefki
|-sidestart|p1: adityagnit|move: Light Screen
|move|p2a: Moltres|Substitute|p2a: Moltres
|-start|p2a: Moltres|Substitute
|-damage|p2a: Moltres|32\/100
|
|-heal|p2a: Moltres|38\/100|[from] item: Leftovers
|upkeep
|turn|24
|choice|move playrough|move fireblast
|
|move|p2a: Moltres|Fire Blast|p1a: Klefki
|-supereffective|p1a: Klefki
|-crit|p1a: Klefki
|-damage|p1a: Klefki|0 fnt
|faint|p1a: Klefki
|
|-heal|p2a: Moltres|44\/100|[from] item: Leftovers
|upkeep
|choice|switch 4|
|
|switch|p1a: Electrode|Electrode, L79|30\/100
|turn|25
|inactive|Battle timer is ON: inactive players will automatically lose when time's up. (requested by adityagnit)
|choice|move voltswitch|move fireblast
|
|move|p1a: Electrode|Volt Switch|p2a: Moltres
|-supereffective|p2a: Moltres
|-end|p2a: Moltres|Substitute
|choice|switch 3|
|
|switch|p1a: Hitmonlee|Hitmonlee, L79, M|100\/100
|move|p2a: Moltres|Fire Blast|p1a: Hitmonlee
|-crit|p1a: Hitmonlee
|-damage|p1a: Hitmonlee|23\/100
|-enditem|p1a: Hitmonlee|Sitrus Berry|[eat]
|-heal|p1a: Hitmonlee|48\/100|[from] item: Sitrus Berry
|
|-heal|p2a: Moltres|50\/100|[from] item: Leftovers
|upkeep
|turn|26
|choice|move stoneedge|move substitute
|
|move|p1a: Hitmonlee|Stone Edge|p2a: Moltres
|-supereffective|p2a: Moltres
|-damage|p2a: Moltres|0 fnt
|faint|p2a: Moltres
|
|upkeep
|choice||switch 5
|
|switch|p2a: Purugly|Purugly, L79, F|100\/100
|turn|27
|choice|switch 3|move fakeout
|
|switch|p1a: Electrode|Electrode, L79|30\/100
|move|p2a: Purugly|Fake Out|p1a: Electrode
|-damage|p1a: Electrode|7\/100
|-damage|p2a: Purugly|91\/100|[from] item: Life Orb
|
|upkeep
|turn|28
|choice|move foulplay|move quickattack
|
|move|p2a: Purugly|Quick Attack|p1a: Electrode
|-damage|p1a: Electrode|0 fnt
|-damage|p2a: Purugly|66\/100|[from] ability: Aftermath|[of] p1a: Electrode
|-damage|p2a: Purugly|56\/100|[from] item: Life Orb
|faint|p1a: Electrode
|
|upkeep
|choice|switch 2|
|
|switch|p1a: Medicham|Medicham-Mega, L75, F|100\/100
|turn|29
|choice|move fakeout|move knockoff
|
|move|p1a: Medicham|Fake Out|p2a: Purugly
|-damage|p2a: Purugly|30\/100
|cant|p2a: Purugly|flinch
|
|upkeep
|turn|30
|choice|move zenheadbutt|move knockoff
|
|move|p2a: Purugly|Knock Off|p1a: Medicham
|-damage|p1a: Medicham|77\/100
|-damage|p2a: Purugly|20\/100|[from] item: Life Orb
|move|p1a: Medicham|Zen Headbutt|p2a: Purugly
|-damage|p2a: Purugly|0 fnt
|faint|p2a: Purugly
|
|-sideend|p1: adityagnit|move: Light Screen
|upkeep
|choice||switch 2
|
|switch|p2a: Uxie|Uxie, L79|48\/100 tox
|turn|31
|choice|move icepunch|move healbell
|
|move|p2a: Uxie|Heal Bell|p2a: Uxie
|-activate|p2a: Uxie|move: Heal Bell
|-curestatus|p2a: Uxie|tox|[msg]
|move|p1a: Medicham|Ice Punch|p2a: Uxie
|-crit|p2a: Uxie
|-damage|p2a: Uxie|3\/100
|
|-heal|p2a: Uxie|9\/100|[from] item: Leftovers
|upkeep
|turn|32
|choice|move icepunch|move uturn
|
|move|p2a: Uxie|U-turn|p1a: Medicham
|-damage|p1a: Medicham|57\/100
|choice||switch 3
|
|switch|p2a: Sandslash|Sandslash-Alola, L79, M|69\/100
|move|p1a: Medicham|Ice Punch|p2a: Sandslash
|-resisted|p2a: Sandslash
|-damage|p2a: Sandslash|61\/100
|
|upkeep
|turn|33
|choice|move highjumpkick|move ironhead
|
|move|p1a: Medicham|High Jump Kick|p2a: Sandslash
|-supereffective|p2a: Sandslash
|-damage|p2a: Sandslash|0 fnt
|faint|p2a: Sandslash
|
|upkeep
|choice||switch 3
|
|switch|p2a: Uxie|Uxie, L79|9\/100
|turn|34
|choice|switch 3|move psychic
|
|switch|p1a: Hitmonlee|Hitmonlee, L79, M|48\/100
|move|p2a: Uxie|Psychic|p1a: Hitmonlee
|-supereffective|p1a: Hitmonlee
|-damage|p1a: Hitmonlee|0 fnt
|faint|p1a: Hitmonlee
|
|-heal|p2a: Uxie|15\/100|[from] item: Leftovers
|upkeep
|choice|switch 3|
|
|switch|p1a: Medicham|Medicham-Mega, L75, F|57\/100
|turn|35
|choice|move fakeout|move psychic
|
|move|p1a: Medicham|Fake Out|p2a: Uxie
|-damage|p2a: Uxie|0 fnt
|faint|p2a: Uxie
|
|win|adityagnit
|l|Mano3223
|raw|adityagnit's rating: 1310 &rarr; <strong>1333<\/strong><br \/>(+23 for winning)
|raw|Mano3223's rating: 1367 &rarr; <strong>1343<\/strong><br \/>(-24 for losing)</script>
</div>
<div class="battle-log battle-log-inline"><div class="inner"><div class="chat"><small>adityagnit joined.</small></div><div class="chat"><small>Mano3223 joined.</small></div><div style="padding:5px 0"><small>Format:</small> <br><strong>[Gen 7] Random Battle</strong></div><div class="rated"><strong>Rated battle</strong></div><div><small><em>Sleep Clause Mod:</em> Limit one foe put to sleep</small></div><div><small><em>HP Percentage Mod:</em> HP is shown in percentages</small></div><div>Battle between adityagnit and Mano3223 started!</div><div class="spacer"></div><div>Go! Hitmonlee!</div><div class="spacer"></div><div>Mano3223 sent out Solrock!</div><h2>Turn 1</h2><div class="chat message-error">Battle timer is ON: inactive players will automatically lose when time's up. (requested by adityagnit)</div><div class="spacer"></div><div><span class="battle-nickname" title="Hitmonlee">Hitmonlee</span> used <strong>High Jump Kick</strong>!</div><div><small>The opposing <span class="battle-nickname-foe" title="Solrock">Solrock</span> lost 61% of its health!</small><br></div><div class="spacer"></div><div>The opposing <span class="battle-nickname-foe" title="Solrock">Solrock</span> used <strong>Reflect</strong>!</div><div><small>Reflect made the opposing team stronger against physical moves!</small></div><h2>Turn 2</h2><div class="spacer"></div><div><span class="battle-nickname" title="Hitmonlee">Hitmonlee</span> used <strong>High Jump Kick</strong>!</div><div><small>The opposing <span class="battle-nickname-foe" title="Solrock">Solrock</span> lost 27% of its health!</small><br></div><div class="spacer"></div><div>The opposing <span class="battle-nickname-foe" title="Solrock">Solrock</span> used <strong>Stealth Rock</strong>!</div><div><small>Pointed stones float in the air around your team!</small></div><h2>Turn 3</h2><div class="spacer"></div><div><span class="battle-nickname" title="Hitmonlee">Hitmonlee</span> used <strong>Rapid Spin</strong>!</div><div><small>It's not very effective... </small><small>The opposing <span class="battle-nickname-foe" title="Solrock">Solrock</span> lost 1% of its health!</small><br></div><div><small>The pointed stones disappeared from around your team!</small></div><div class="spacer"></div><div>The opposing <span class="battle-nickname-foe" title="Solrock">Solrock</span> used <strong>Light Screen</strong>!</div><div><small>Light Screen made the opposing team stronger against special moves!</small></div><h2>Turn 4</h2><div class="spacer"></div><div><span class="battle-nickname" title="Hitmonlee">Hitmonlee</span> used <strong>High Jump Kick</strong>!</div><div><small>The opposing <span class="battle-nickname-foe" title="Solrock">Solrock</span> lost 11% of its health!</small><br></div><div class="spacer"></div><div>The opposing <span class="battle-nickname-foe" title="Solrock">Solrock</span> fainted!</div><div class="spacer"></div><div>Mano3223 sent out Uxie!</div><h2>Turn 5</h2><div class="spacer"></div><div><span class="battle-nickname" title="Hitmonlee">Hitmonlee</span>, come back!</div><div class="spacer"></div><div>Go! Klefki!</div><div class="spacer"></div><div>The opposing <span class="battle-nickname-foe" title="Uxie">Uxie</span> used <strong>Psychic</strong>!</div><div><small>It's not very effective... </small><small><span class="battle-nickname" title="Klefki">Klefki</span> lost 18% of its health!</small><br></div><h2>Turn 6</h2><div class="spacer"></div><div>The opposing <span class="battle-nickname-foe" title="Uxie">Uxie</span> used <strong>Yawn</strong>!</div><div><small><span class="battle-nickname" title="Klefki">Klefki</span> grew drowsy!</small></div><div class="spacer"></div><div><span class="battle-nickname" title="Klefki">Klefki</span> used <strong>Foul Play</strong>!</div><div><small>It's super effective! </small><small>The opposing <span class="battle-nickname-foe" title="Uxie">Uxie</span> lost 15% of its health!</small><br></div><div class="spacer"></div><div><small>The opposing <span class="battle-nickname-foe" title="Uxie">Uxie</span> restored a little HP using its Leftovers!</small></div><h2>Turn 7</h2><div class="spacer"></div><div><span class="battle-nickname" title="Klefki">Klefki</span>, come back!</div><div class="spacer"></div><div>Go! <span class="battle-nickname" title="Rotom-Mow">Rotom <small>(Rotom-Mow)</small></span>!</div><div class="spacer"></div><div>The opposing <span class="battle-nickname-foe" title="Uxie">Uxie</span> used <strong>Psychic</strong>!</div><div><small><span class="battle-nickname" title="Rotom-Mow">Rotom</span> lost 29% of its health!</small><br></div><div class="spacer"></div><div><small>The opposing <span class="battle-nickname-foe" title="Uxie">Uxie</span> restored a little HP using its Leftovers!</small></div><h2>Turn 8</h2><div class="spacer"></div><div>The opposing <span class="battle-nickname-foe" title="Uxie">Uxie</span> used <strong>U-turn</strong>!</div><div><small>It's super effective! </small><small><span class="battle-nickname" title="Rotom-Mow">Rotom</span> lost 33% of its health!</small><br></div><div class="spacer"></div><div>The opposing <span class="battle-nickname-foe" title="Uxie">Uxie</span> went back to Mano3223!</div><div class="spacer"></div><div>Mano3223 sent out Gligar!</div><div class="spacer"></div><div><span class="battle-nickname" title="Rotom-Mow">Rotom</span> used <strong>Volt Switch</strong>!</div><div><small>It doesn't affect the opposing <span class="battle-nickname-foe" title="Gligar">Gligar</span>... </small></div><div class="spacer"></div><div><small>The opposing team's Reflect wore off!</small></div><h2>Turn 9</h2><div class="spacer"></div><div><span class="battle-nickname" title="Rotom-Mow">Rotom</span> used <strong>Pain Split</strong>!</div><div><small>The battlers shared their pain!</small></div><div class="spacer"></div><div>The opposing <span class="battle-nickname-foe" title="Gligar">Gligar</span> used <strong>Toxic</strong>!</div><div><small><span class="battle-nickname" title="Rotom-Mow">Rotom</span> was badly poisoned!</small></div><div class="spacer"></div><div><small><span class="battle-nickname" title="Rotom-Mow">Rotom</span> was hurt by poison!</small></div><h2>Turn 10</h2><div class="spacer"></div><div><span class="battle-nickname" title="Rotom-Mow">Rotom</span> used <strong>Leaf Storm</strong>!</div><div><small>The opposing <span class="battle-nickname-foe" title="Gligar">Gligar</span> lost 32% of its health!</small><br></div><div><small><span class="battle-nickname" title="Rotom-Mow">Rotom</span>'s Special Attack fell harshly! </small></div><div><small><span class="battle-nickname" title="Rotom-Mow">Rotom</span> lost some of its HP!</small></div><div class="spacer"></div><div>The opposing <span class="battle-nickname-foe" title="Gligar">Gligar</span> used <strong>Roost</strong>!</div><div><small>The opposing <span class="battle-nickname-foe" title="Gligar">Gligar</span> restored its HP.</small></div><div class="spacer"></div><div><small><span class="battle-nickname" title="Rotom-Mow">Rotom</span> was hurt by poison!</small></div><div><small>The opposing team's Light Screen wore off!</small></div><h2>Turn 11</h2><div class="spacer"></div><div><span class="battle-nickname" title="Rotom-Mow">Rotom</span>, come back!</div><div class="spacer"></div><div>Go! Medicham!</div><div class="spacer"></div><div>The opposing <span class="battle-nickname-foe" title="Gligar">Gligar</span> used <strong>Defog</strong>!</div><div><small><span class="battle-nickname" title="Medicham">Medicham</span>'s evasiveness fell! </small></div><h2>Turn 12</h2><div class="spacer"></div><div><small><span class="battle-nickname" title="Medicham-Mega">Medicham</span>'s Medichamite is reacting to adityagnit's Mega Bracelet!<br><span class="battle-nickname" title="Medicham-Mega">Medicham</span> has Mega Evolved into Mega Medicham!</small></div><div class="spacer"></div><div><span class="battle-nickname" title="Medicham-Mega">Medicham</span> used <strong>Ice Punch</strong>!</div><div><small>It's super effective! </small><small>The opposing <span class="battle-nickname-foe" title="Gligar">Gligar</span> lost 85% of its health!</small><br></div><div class="spacer"></div><div>The opposing <span class="battle-nickname-foe" title="Gligar">Gligar</span> fainted!</div><div class="spacer"></div><div>Mano3223 sent out Moltres!</div><div><small>[Opposing <span class="battle-nickname-foe" title="Moltres">Moltres</span>'s Pressure!]</small></div><div><small>The opposing <span class="battle-nickname-foe" title="Moltres">Moltres</span> is exerting its pressure!</small></div><h2>Turn 13</h2><div class="spacer"></div><div><span class="battle-nickname" title="Medicham-Mega">Medicham</span>, come back!</div><div class="spacer"></div><div>Go! Pelipper!</div><div><small>[<span class="battle-nickname" title="Pelipper">Pelipper</span>'s Drizzle!]</small></div><div><small>It started to rain!</small></div><div class="spacer"></div><div>The opposing <span class="battle-nickname-foe" title="Moltres">Moltres</span> used <strong>Hurricane</strong>!</div><div><small><span class="battle-nickname" title="Pelipper">Pelipper</span> lost 77% of its health!</small><br></div><h2>Turn 14</h2><div class="spacer"></div><div>The opposing <span class="battle-nickname-foe" title="Moltres">Moltres</span> used <strong>Hurricane</strong>!</div><div><small><span class="battle-nickname" title="Pelipper">Pelipper</span> lost 23% of its health!</small><br></div><div class="spacer"></div><div><span class="battle-nickname" title="Pelipper">Pelipper</span> fainted!</div><div class="spacer"></div><div>Go! Electrode!</div><h2>Turn 15</h2><div class="spacer"></div><div><span class="battle-nickname" title="Electrode">Electrode</span> used <strong>Volt Switch</strong>!</div><div><small>It's super effective! </small><small>The opposing <span class="battle-nickname-foe" title="Moltres">Moltres</span> lost 55% of its health!</small><br></div><div class="spacer"></div><div><span class="battle-nickname" title="Electrode">Electrode</span> went back to adityagnit!</div><div class="spacer"></div><div>Go! <span class="battle-nickname" title="Rotom-Mow">Rotom <small>(Rotom-Mow)</small></span>!</div><div class="spacer"></div><div>The opposing <span class="battle-nickname-foe" title="Moltres">Moltres</span> used <strong>Hurricane</strong>!</div><div><small><span class="battle-nickname" title="Rotom-Mow">Rotom</span> lost 46% of its health!</small><br></div><div class="spacer"></div><div><span class="battle-nickname" title="Rotom-Mow">Rotom</span> fainted!</div><div class="spacer"></div><div><small>The opposing <span class="battle-nickname-foe" title="Moltres">Moltres</span> restored a little HP using its Leftovers!</small></div><div class="spacer"></div><div>Go! Electrode!</div><h2>Turn 16</h2><div class="spacer"></div><div>Mano3223 withdrew Moltres!</div><div class="spacer"></div><div>Mano3223 sent out <span class="battle-nickname-foe" title="Sandslash-Alola">Sandslash <small>(Sandslash-Alola)</small></span>!</div><div class="spacer"></div><div><span class="battle-nickname" title="Electrode">Electrode</span> used <strong>Volt Switch</strong>!</div><div><small>The opposing <span class="battle-nickname-foe" title="Sandslash-Alola">Sandslash</span> lost 31% of its health!</small><br></div><div class="spacer"></div><div><span class="battle-nickname" title="Electrode">Electrode</span> went back to adityagnit!</div><div class="spacer"></div><div>Go! Hitmonlee!</div><h2>Turn 17</h2><div class="spacer"></div><div>Mano3223 withdrew <span class="battle-nickname-foe" title="Sandslash-Alola">Sandslash <small>(Sandslash-Alola)</small></span>!</div><div class="spacer"></div><div>Mano3223 sent out Uxie!</div><div class="spacer"></div><div><span class="battle-nickname" title="Hitmonlee">Hitmonlee</span> used <strong>High Jump Kick</strong>!</div><div><small>It's not very effective... </small><small>The opposing <span class="battle-nickname-foe" title="Uxie">Uxie</span> lost 23% of its health!</small><br></div><div class="spacer"></div><div><small>The rain stopped.</small></div><div><small>The opposing <span class="battle-nickname-foe" title="Uxie">Uxie</span> restored a little HP using its Leftovers!</small></div><h2>Turn 18</h2><div class="spacer"></div><div><span class="battle-nickname" title="Hitmonlee">Hitmonlee</span>, come back!</div><div class="spacer"></div><div>Go! Klefki!</div><div class="spacer"></div><div>The opposing <span class="battle-nickname-foe" title="Uxie">Uxie</span> used <strong>Yawn</strong>!</div><div><small><span class="battle-nickname" title="Klefki">Klefki</span> grew drowsy!</small></div><div class="spacer"></div><div><small>The opposing <span class="battle-nickname-foe" title="Uxie">Uxie</span> restored a little HP using its Leftovers!</small></div><h2>Turn 19</h2><div class="spacer"></div><div><span class="battle-nickname" title="Klefki">Klefki</span>, come back!</div><div class="spacer"></div><div>Go! Electrode!</div><div class="spacer"></div><div>The opposing <span class="battle-nickname-foe" title="Uxie">Uxie</span> used <strong>Psychic</strong>!</div><div><small><span class="battle-nickname" title="Electrode">Electrode</span> lost 36% of its health!</small><br></div><div class="spacer"></div><div><small>The opposing <span class="battle-nickname-foe" title="Uxie">Uxie</span> restored a little HP using its Leftovers!</small></div><h2>Turn 20</h2><div class="spacer"></div><div><span class="battle-nickname" title="Electrode">Electrode</span> used <strong>Foul Play</strong>!</div><div><small>It's super effective! </small><small>The opposing <span class="battle-nickname-foe" title="Uxie">Uxie</span> lost 37% of its health!</small><br></div><div class="spacer"></div><div>The opposing <span class="battle-nickname-foe" title="Uxie">Uxie</span> used <strong>Psychic</strong>!</div><div><small><span class="battle-nickname" title="Electrode">Electrode</span> lost 34% of its health!</small><br></div><div class="spacer"></div><div><small>The opposing <span class="battle-nickname-foe" title="Uxie">Uxie</span> restored a little HP using its Leftovers!</small></div><h2>Turn 21</h2><div class="spacer"></div><div><span class="battle-nickname" title="Electrode">Electrode</span> used <strong>Volt Switch</strong>!</div><div><small>The opposing <span class="battle-nickname-foe" title="Uxie">Uxie</span> lost 19% of its health!</small><br></div><div class="spacer"></div><div><span class="battle-nickname" title="Electrode">Electrode</span> went back to adityagnit!</div><div class="spacer"></div><div>Go! Klefki!</div><div class="spacer"></div><div>The opposing <span class="battle-nickname-foe" title="Uxie">Uxie</span> used <strong>Psychic</strong>!</div><div><small>It's not very effective... </small><small><span class="battle-nickname" title="Klefki">Klefki</span> lost 17% of its health!</small><br></div><div class="spacer"></div><div><small>The opposing <span class="battle-nickname-foe" title="Uxie">Uxie</span> restored a little HP using its Leftovers!</small></div><h2>Turn 22</h2><div class="spacer"></div><div><span class="battle-nickname" title="Klefki">Klefki</span> used <strong>Toxic</strong>!</div><div><small>The opposing <span class="battle-nickname-foe" title="Uxie">Uxie</span> was badly poisoned!</small></div><div class="spacer"></div><div>The opposing <span class="battle-nickname-foe" title="Uxie">Uxie</span> used <strong>U-turn</strong>!</div><div><small>It's not very effective... </small><small><span class="battle-nickname" title="Klefki">Klefki</span> lost 5% of its health!</small><br></div><div class="spacer"></div><div>The opposing <span class="battle-nickname-foe" title="Uxie">Uxie</span> went back to Mano3223!</div><div class="spacer"></div><div>Mano3223 sent out Moltres!</div><div><small>[Opposing <span class="battle-nickname-foe" title="Moltres">Moltres</span>'s Pressure!]</small></div><div><small>The opposing <span class="battle-nickname-foe" title="Moltres">Moltres</span> is exerting its pressure!</small></div><div class="spacer"></div><div><small>The opposing <span class="battle-nickname-foe" title="Moltres">Moltres</span> restored a little HP using its Leftovers!</small></div><h2>Turn 23</h2><div class="spacer"></div><div><span class="battle-nickname" title="Klefki">Klefki</span> used <strong>Light Screen</strong>!</div><div><small>Light Screen made your team stronger against special moves!</small></div><div class="spacer"></div><div>The opposing <span class="battle-nickname-foe" title="Moltres">Moltres</span> used <strong>Substitute</strong>!</div><div><small>The opposing <span class="battle-nickname-foe" title="Moltres">Moltres</span> put in a substitute!</small></div><div><small>The opposing <span class="battle-nickname-foe" title="Moltres">Moltres</span> lost 24% of its health!</small><br></div><div class="spacer"></div><div><small>The opposing <span class="battle-nickname-foe" title="Moltres">Moltres</span> restored a little HP using its Leftovers!</small></div><h2>Turn 24</h2><div class="spacer"></div><div>The opposing <span class="battle-nickname-foe" title="Moltres">Moltres</span> used <strong>Fire Blast</strong>!</div><div><small>It's super effective! A critical hit! </small><small><span class="battle-nickname" title="Klefki">Klefki</span> lost 60% of its health!</small><br></div><div class="spacer"></div><div><span class="battle-nickname" title="Klefki">Klefki</span> fainted!</div><div class="spacer"></div><div><small>The opposing <span class="battle-nickname-foe" title="Moltres">Moltres</span> restored a little HP using its Leftovers!</small></div><div class="spacer"></div><div>Go! Electrode!</div><h2>Turn 25</h2><div class="chat message-error">Battle timer is ON: inactive players will automatically lose when time's up. (requested by adityagnit)</div><div class="spacer"></div><div><span class="battle-nickname" title="Electrode">Electrode</span> used <strong>Volt Switch</strong>!</div><div><small>It's super effective! The opposing <span class="battle-nickname-foe" title="Moltres">Moltres</span>'s substitute faded!</small></div><div class="spacer"></div><div><span class="battle-nickname" title="Electrode">Electrode</span> went back to adityagnit!</div><div class="spacer"></div><div>Go! Hitmonlee!</div><div class="spacer"></div><div>The opposing <span class="battle-nickname-foe" title="Moltres">Moltres</span> used <strong>Fire Blast</strong>!</div><div><small>A critical hit! </small><small><span class="battle-nickname" title="Hitmonlee">Hitmonlee</span> lost 77% of its health!</small><br></div><div><small><span class="battle-nickname" title="Hitmonlee">Hitmonlee</span> ate its Sitrus Berry!</small></div><div><small><span class="battle-nickname" title="Hitmonlee">Hitmonlee</span> restored HP using its Sitrus Berry!</small></div><div class="spacer"></div><div><small>The opposing <span class="battle-nickname-foe" title="Moltres">Moltres</span> restored a little HP using its Leftovers!</small></div><h2>Turn 26</h2><div class="spacer"></div><div><span class="battle-nickname" title="Hitmonlee">Hitmonlee</span> used <strong>Stone Edge</strong>!</div><div><small>It's super effective! </small><small>The opposing <span class="battle-nickname-foe" title="Moltres">Moltres</span> lost 50% of its health!</small><br></div><div class="spacer"></div><div>The opposing <span class="battle-nickname-foe" title="Moltres">Moltres</span> fainted!</div><div class="spacer"></div><div>Mano3223 sent out Purugly!</div><h2>Turn 27</h2><div class="spacer"></div><div><span class="battle-nickname" title="Hitmonlee">Hitmonlee</span>, come back!</div><div class="spacer"></div><div>Go! Electrode!</div><div class="spacer"></div><div>The opposing <span class="battle-nickname-foe" title="Purugly">Purugly</span> used <strong>Fake Out</strong>!</div><div><small><span class="battle-nickname" title="Electrode">Electrode</span> lost 23% of its health!</small><br></div><div><small>The opposing <span class="battle-nickname-foe" title="Purugly">Purugly</span> lost some of its HP!</small></div><h2>Turn 28</h2><div class="spacer"></div><div>The opposing <span class="battle-nickname-foe" title="Purugly">Purugly</span> used <strong>Quick Attack</strong>!</div><div><small><span class="battle-nickname" title="Electrode">Electrode</span> lost 7% of its health!</small><br></div><div><small>[<span class="battle-nickname" title="Electrode">Electrode</span>'s Aftermath!]</small></div><div><small>The opposing <span class="battle-nickname-foe" title="Purugly">Purugly</span> is hurt!</small></div><div><small>The opposing <span class="battle-nickname-foe" title="Purugly">Purugly</span> lost some of its HP!</small></div><div class="spacer"></div><div><span class="battle-nickname" title="Electrode">Electrode</span> fainted!</div><div class="spacer"></div><div>Go! <span class="battle-nickname" title="Medicham-Mega">Medicham <small>(Medicham-Mega)</small></span>!</div><h2>Turn 29</h2><div class="spacer"></div><div><span class="battle-nickname" title="Medicham-Mega">Medicham</span> used <strong>Fake Out</strong>!</div><div><small>The opposing <span class="battle-nickname-foe" title="Purugly">Purugly</span> lost 26% of its health!</small><br></div><div class="spacer"></div><div>The opposing <span class="battle-nickname-foe" title="Purugly">Purugly</span> flinched and couldn't move!</div><h2>Turn 30</h2><div class="spacer"></div><div>The opposing <span class="battle-nickname-foe" title="Purugly">Purugly</span> used <strong>Knock Off</strong>!</div><div><small><span class="battle-nickname" title="Medicham-Mega">Medicham</span> lost 23% of its health!</small><br></div><div><small>The opposing <span class="battle-nickname-foe" title="Purugly">Purugly</span> lost some of its HP!</small></div><div class="spacer"></div><div><span class="battle-nickname" title="Medicham-Mega">Medicham</span> used <strong>Zen Headbutt</strong>!</div><div><small>The opposing <span class="battle-nickname-foe" title="Purugly">Purugly</span> lost 20% of its health!</small><br></div><div class="spacer"></div><div>The opposing <span class="battle-nickname-foe" title="Purugly">Purugly</span> fainted!</div><div class="spacer"></div><div><small>Your team's Light Screen wore off!</small></div><div class="spacer"></div><div>Mano3223 sent out Uxie!</div><h2>Turn 31</h2><div class="spacer"></div><div>The opposing <span class="battle-nickname-foe" title="Uxie">Uxie</span> used <strong>Heal Bell</strong>!</div><div><small>A bell chimed!</small></div><div><small>The opposing <span class="battle-nickname-foe" title="Uxie">Uxie</span> was cured of its poisoning.</small></div><div class="spacer"></div><div><span class="battle-nickname" title="Medicham-Mega">Medicham</span> used <strong>Ice Punch</strong>!</div><div><small>A critical hit! </small><small>The opposing <span class="battle-nickname-foe" title="Uxie">Uxie</span> lost 45% of its health!</small><br></div><div class="spacer"></div><div><small>The opposing <span class="battle-nickname-foe" title="Uxie">Uxie</span> restored a little HP using its Leftovers!</small></div><h2>Turn 32</h2><div class="spacer"></div><div>The opposing <span class="battle-nickname-foe" title="Uxie">Uxie</span> used <strong>U-turn</strong>!</div><div><small><span class="battle-nickname" title="Medicham-Mega">Medicham</span> lost 20% of its health!</small><br></div><div class="spacer"></div><div>The opposing <span class="battle-nickname-foe" title="Uxie">Uxie</span> went back to Mano3223!</div><div class="spacer"></div><div>Mano3223 sent out <span class="battle-nickname-foe" title="Sandslash-Alola">Sandslash <small>(Sandslash-Alola)</small></span>!</div><div class="spacer"></div><div><span class="battle-nickname" title="Medicham-Mega">Medicham</span> used <strong>Ice Punch</strong>!</div><div><small>It's not very effective... </small><small>The opposing <span class="battle-nickname-foe" title="Sandslash-Alola">Sandslash</span> lost 8% of its health!</small><br></div><h2>Turn 33</h2><div class="spacer"></div><div><span class="battle-nickname" title="Medicham-Mega">Medicham</span> used <strong>High Jump Kick</strong>!</div><div><small>It's super effective! </small><small>The opposing <span class="battle-nickname-foe" title="Sandslash-Alola">Sandslash</span> lost 61% of its health!</small><br></div><div class="spacer"></div><div>The opposing <span class="battle-nickname-foe" title="Sandslash-Alola">Sandslash</span> fainted!</div><div class="spacer"></div><div>Mano3223 sent out Uxie!</div><h2>Turn 34</h2><div class="spacer"></div><div><span class="battle-nickname" title="Medicham-Mega">Medicham</span>, come back!</div><div class="spacer"></div><div>Go! Hitmonlee!</div><div class="spacer"></div><div>The opposing <span class="battle-nickname-foe" title="Uxie">Uxie</span> used <strong>Psychic</strong>!</div><div><small>It's super effective! </small><small><span class="battle-nickname" title="Hitmonlee">Hitmonlee</span> lost 48% of its health!</small><br></div><div class="spacer"></div><div><span class="battle-nickname" title="Hitmonlee">Hitmonlee</span> fainted!</div><div class="spacer"></div><div><small>The opposing <span class="battle-nickname-foe" title="Uxie">Uxie</span> restored a little HP using its Leftovers!</small></div><div class="spacer"></div><div>Go! <span class="battle-nickname" title="Medicham-Mega">Medicham <small>(Medicham-Mega)</small></span>!</div><h2>Turn 35</h2><div class="spacer"></div><div><span class="battle-nickname" title="Medicham-Mega">Medicham</span> used <strong>Fake Out</strong>!</div><div><small>The opposing <span class="battle-nickname-foe" title="Uxie">Uxie</span> lost 15% of its health!</small><br></div><div class="spacer"></div><div>The opposing <span class="battle-nickname-foe" title="Uxie">Uxie</span> fainted!</div><div class="spacer"></div><div>adityagnit won the battle!</div><div class="chat"><small>Mano3223 left.</small></div><div class="chat">adityagnit's rating: 1310 → <strong>1333</strong><br>(+23 for winning)</div><div class="chat">Mano3223's rating: 1367 → <strong>1343</strong><br>(-24 for losing)</div></div></div>
</div>
<script>
var daily = Math.floor(Date.now()/1000/60/60/24);document.write('<script src="https://play.pokemonshowdown.com/js/replay-embed.js?version'+daily+'"></'+'script>');
</script>
