<!DOCTYPE html>
<meta charset="utf-8" />
<!-- version 1 -->
<title>[Gen 7] Random Battle replay: Xgrimjaw vs. leprechaunjc</title>
<style>
html,body {font-family:Verdana, sans-serif;font-size:10pt;margin:0;padding:0;}body{padding:12px 0;} .battle-log {font-family:Verdana, sans-serif;font-size:10pt;} .battle-log-inline {border:1px solid #AAAAAA;background:#EEF2F5;color:black;max-width:640px;margin:0 auto 80px;padding-bottom:5px;} .battle-log .inner {padding:4px 8px 0px 8px;} .battle-log .inner-preempt {padding:0 8px 4px 8px;} .battle-log .inner-after {margin-top:0.5em;} .battle-log h2 {margin:0.5em -8px;padding:4px 8px;border:1px solid #AAAAAA;background:#E0E7EA;border-left:0;border-right:0;font-family:Verdana, sans-serif;font-size:13pt;} .battle-log .chat {vertical-align:middle;padding:3px 0 3px 0;font-size:8pt;} .battle-log .chat strong {color:#40576A;} .battle-log .chat em {padding:1px 4px 1px 3px;color:#000000;font-style:normal;} .chat.mine {background:rgba(0,0,0,0.05);margin-left:-8px;margin-right:-8px;padding-left:8px;padding-right:8px;} .spoiler {color:#BBBBBB;background:#BBBBBB;padding:0px 3px;} .spoiler:hover, .spoiler:active, .spoiler-shown {color:#000000;background:#E2E2E2;padding:0px 3px;} .spoiler a {color:#BBBBBB;} .spoiler:hover a, .spoiler:active a, .spoiler-shown a {color:#2288CC;} .chat code, .chat .spoiler:hover code, .chat .spoiler:active code, .chat .spoiler-shown code {border:1px solid #C0C0C0;background:#EEEEEE;color:black;padding:0 2px;} .chat .spoiler code {border:1px solid #CCCCCC;background:#CCCCCC;color:#CCCCCC;} .battle-log .rated {padding:3px 4px;} .battle-log .rated strong {color:white;background:#89A;padding:1px 4px;border-radius:4px;} .spacer {margin-top:0.5em;} .message-announce {background:#6688AA;color:white;padding:1px 4px 2px;} .message-announce a, .broadcast-green a, .broadcast-blue a, .broadcast-red a {color:#DDEEFF;} .broadcast-green {background-color:#559955;color:white;padding:2px 4px;} .broadcast-blue {background-color:#6688AA;color:white;padding:2px 4px;} .infobox {border:1px solid #6688AA;padding:2px 4px;} .infobox-limited {max-height:200px;overflow:auto;overflow-x:hidden;} .broadcast-red {background-color:#AA5544;color:white;padding:2px 4px;} .message-learn-canlearn {font-weight:bold;color:#228822;text-decoration:underline;} .message-learn-cannotlearn {font-weight:bold;color:#CC2222;text-decoration:underline;} .message-effect-weak {font-weight:bold;color:#CC2222;} .message-effect-resist {font-weight:bold;color:#6688AA;} .message-effect-immune {font-weight:bold;color:#666666;} .message-learn-list {margin-top:0;margin-bottom:0;} .message-throttle-notice, .message-error {color:#992222;} .message-overflow, .chat small.message-overflow {font-size:0pt;} .message-overflow::before {font-size:9pt;content:'...';} .subtle {color:#3A4A66;}
</style>
<div class="wrapper replay-wrapper" style="max-width:1180px;margin:0 auto">
<input type="hidden" name="replayid" value="gen7randombattle-566945742" />
<div class="battle"></div><div class="battle-log"></div><div class="replay-controls"></div><div class="replay-controls-2"></div>
<h1 style="font-weight:normal;text-align:center"><strong>[Gen 7] Random Battle</strong><br /><a href="http://pokemonshowdown.com/users/xgrimjaw" class="subtle" target="_blank">Xgrimjaw</a> vs. <a href="http://pokemonshowdown.com/users/leprechaunjc" class="subtle" target="_blank">leprechaunjc</a></h1>
<script type="text/plain" class="battle-log-data">|j|Xgrimjaw
|j|leprechaunjc
|player|p1|Xgrimjaw|2
|player|p2|leprechaunjc|28
|gametype|singles
|gen|7
|tier|[Gen 7] Random Battle
|rated
|seed|25684,56854,105,46013,52926,279,12583,21419,53628,62735,42148,54484
|rule|Sleep Clause Mod: Limit one foe put to sleep
|rule|HP Percentage Mod: HP is shown in percentages
|
|start
|switch|p1a: Ninjask|Ninjask, L75, F|100\/100
|switch|p2a: Granbull|Granbull, L79, M|100\/100
|-ability|p2a: Granbull|Intimidate|boost
|-unboost|p1a: Ninjask|atk|1
|turn|1
|inactive|Battle timer is ON: inactive players will automatically lose when time's up. (requested by leprechaunjc)
|choice|move substitute|move thunderwave
|
|move|p1a: Ninjask|Substitute|p1a: Ninjask
|-start|p1a: Ninjask|Substitute
|-damage|p1a: Ninjask|76\/100
|move|p2a: Granbull|Thunder Wave|p1a: Ninjask
|-fail|p1a: Ninjask
|
|-heal|p1a: Ninjask|82\/100|[from] item: Leftovers
|-ability|p1a: Ninjask|Speed Boost|boost
|-boost|p1a: Ninjask|spe|1
|upkeep
|turn|2
|choice|move protect|move crunch
|
|move|p1a: Ninjask|Protect|p1a: Ninjask
|-singleturn|p1a: Ninjask|Protect
|move|p2a: Granbull|Crunch|p1a: Ninjask
|-activate|p1a: Ninjask|move: Protect
|
|-heal|p1a: Ninjask|88\/100|[from] item: Leftovers
|-ability|p1a: Ninjask|Speed Boost|boost
|-boost|p1a: Ninjask|spe|1
|upkeep
|turn|3
|choice|move batonpass|move crunch
|
|move|p1a: Ninjask|Baton Pass|p1a: Ninjask
|choice|switch 2|
|
|switch|p1a: Slurpuff|Slurpuff, L79, M|100\/100
|move|p2a: Granbull|Crunch|p1a: Slurpuff
|-resisted|p1a: Slurpuff
|-crit|p1a: Slurpuff
|-activate|p1a: Slurpuff|move: Substitute|[damage]
|
|upkeep
|turn|4
|choice|move bellydrum|move playrough
|
|move|p1a: Slurpuff|Belly Drum|p1a: Slurpuff
|-damage|p1a: Slurpuff|50\/100
|-setboost|p1a: Slurpuff|atk|6|[from] move: Belly Drum
|-enditem|p1a: Slurpuff|Sitrus Berry|[eat]
|-heal|p1a: Slurpuff|75\/100|[from] item: Sitrus Berry
|move|p2a: Granbull|Play Rough|p1a: Slurpuff
|-crit|p1a: Slurpuff
|-end|p1a: Slurpuff|Substitute
|
|upkeep
|turn|5
|choice|move substitute|move thunderwave
|
|move|p1a: Slurpuff|Substitute|p1a: Slurpuff
|-start|p1a: Slurpuff|Substitute
|-damage|p1a: Slurpuff|50\/100
|move|p2a: Granbull|Thunder Wave|p1a: Slurpuff
|-fail|p1a: Slurpuff
|
|upkeep
|turn|6
|choice|move playrough|move playrough
|
|move|p1a: Slurpuff|Play Rough|p2a: Granbull
|-enditem|p2a: Granbull|Focus Sash
|-damage|p2a: Granbull|1\/100
|-unboost|p2a: Granbull|atk|1
|move|p2a: Granbull|Play Rough|p1a: Slurpuff
|-end|p1a: Slurpuff|Substitute
|
|upkeep
|turn|7
|choice|move drainpunch|move playrough
|
|move|p1a: Slurpuff|Drain Punch|p2a: Granbull
|-resisted|p2a: Granbull
|-damage|p2a: Granbull|0 fnt
|-heal|p1a: Slurpuff|51\/100|[from] drain|[of] p2a: Granbull
|faint|p2a: Granbull
|
|upkeep
|choice||switch 2
|
|switch|p2a: Pidgeot|Pidgeot, L75, M|100\/100
|turn|8
|choice|move drainpunch|move hurricane mega
|
|detailschange|p2a: Pidgeot|Pidgeot-Mega, L75, M
|-mega|p2a: Pidgeot|Pidgeot|Pidgeotite
|move|p1a: Slurpuff|Drain Punch|p2a: Pidgeot
|-damage|p2a: Pidgeot|27\/100
|-heal|p1a: Slurpuff|86\/100|[from] drain|[of] p2a: Pidgeot
|move|p2a: Pidgeot|Hurricane|p1a: Slurpuff
|-damage|p1a: Slurpuff|31\/100
|
|upkeep
|turn|9
|choice|move drainpunch|switch 6
|
|switch|p2a: Jellicent|Jellicent, L79, M|100\/100
|move|p1a: Slurpuff|Drain Punch|p2a: Jellicent
|-immune|p2a: Jellicent|[msg]
|
|upkeep
|turn|10
|choice|move playrough|move scald
|
|move|p1a: Slurpuff|Play Rough|p2a: Jellicent
|-damage|p2a: Jellicent|0 fnt
|faint|p2a: Jellicent
|
|upkeep
|choice||switch 4
|
|switch|p2a: Shaymin|Shaymin, L79|100\/100
|turn|11
|choice|move drainpunch|move seedflare
|
|move|p1a: Slurpuff|Drain Punch|p2a: Shaymin
|-damage|p2a: Shaymin|47\/100
|-heal|p1a: Slurpuff|61\/100|[from] drain|[of] p2a: Shaymin
|move|p2a: Shaymin|Seed Flare|p1a: Slurpuff
|-damage|p1a: Slurpuff|8\/100
|
|-heal|p2a: Shaymin|53\/100|[from] item: Leftovers
|upkeep
|turn|12
|choice|move playrough|move seedflare
|
|move|p1a: Slurpuff|Play Rough|p2a: Shaymin|[miss]
|-miss|p1a: Slurpuff|p2a: Shaymin
|move|p2a: Shaymin|Seed Flare|p1a: Slurpuff|[miss]
|-miss|p2a: Shaymin|p1a: Slurpuff
|
|-heal|p2a: Shaymin|60\/100|[from] item: Leftovers
|upkeep
|turn|13
|choice|move playrough|move psychic
|
|move|p1a: Slurpuff|Play Rough|p2a: Shaymin
|-damage|p2a: Shaymin|0 fnt
|faint|p2a: Shaymin
|
|upkeep
|choice||switch 3
|
|switch|p2a: Rotom|Rotom-Wash, L75|100\/100
|turn|14
|choice|move playrough|move thunderbolt
|
|move|p1a: Slurpuff|Play Rough|p2a: Rotom
|-crit|p2a: Rotom
|-damage|p2a: Rotom|0 fnt
|faint|p2a: Rotom
|
|upkeep
|choice||switch 5
|
|switch|p2a: Magmortar|Magmortar, L79, F|100\/100
|turn|15
|choice|move drainpunch|move earthquake
|
|move|p1a: Slurpuff|Drain Punch|p2a: Magmortar
|-damage|p2a: Magmortar|9\/100
|-heal|p1a: Slurpuff|53\/100|[from] drain|[of] p2a: Magmortar
|move|p2a: Magmortar|Earthquake|p1a: Slurpuff
|-damage|p1a: Slurpuff|25\/100
|
|-heal|p2a: Magmortar|15\/100|[from] item: Leftovers
|upkeep
|turn|16
|choice|move drainpunch|move fireblast
|
|move|p1a: Slurpuff|Drain Punch|p2a: Magmortar
|-damage|p2a: Magmortar|0 fnt
|-heal|p1a: Slurpuff|32\/100|[from] drain|[of] p2a: Magmortar
|faint|p2a: Magmortar
|
|upkeep
|choice||switch 6
|
|switch|p2a: Pidgeot|Pidgeot-Mega, L75, M|27\/100
|turn|17
|choice|move drainpunch|move hurricane
|
|move|p1a: Slurpuff|Drain Punch|p2a: Pidgeot
|-damage|p2a: Pidgeot|0 fnt
|-heal|p1a: Slurpuff|45\/100|[from] drain|[of] p2a: Pidgeot
|faint|p2a: Pidgeot
|
|win|Xgrimjaw</script>
</div>
<div class="battle-log battle-log-inline"><div class="inner"><div class="chat"><small>Xgrimjaw joined.</small></div><div class="chat"><small>leprechaunjc joined.</small></div><div style="padding:5px 0"><small>Format:</small> <br><strong>[Gen 7] Random Battle</strong></div><div class="rated"><strong>Rated battle</strong></div><div><small><em>Sleep Clause Mod:</em> Limit one foe put to sleep</small></div><div><small><em>HP Percentage Mod:</em> HP is shown in percentages</small></div><div>Battle between Xgrimjaw and leprechaunjc started!</div><div class="spacer"></div><div>Go! Ninjask!</div><div class="spacer"></div><div>leprechaunjc sent out Granbull!</div><div><small>[Opposing <span class="battle-nickname-foe" title="Granbull">Granbull</span>'s Intimidate!]</small></div><div><small><span class="battle-nickname" title="Ninjask">Ninjask</span>'s Attack fell! </small></div><h2>Turn 1</h2><div class="chat message-error">Battle timer is ON: inactive players will automatically lose when time's up. (requested by leprechaunjc)</div><div class="spacer"></div><div><span class="battle-nickname" title="Ninjask">Ninjask</span> used <strong>Substitute</strong>!</div><div><small><span class="battle-nickname" title="Ninjask">Ninjask</span> put in a substitute!</small></div><div><small><span class="battle-nickname" title="Ninjask">Ninjask</span> lost 24% of its health!</small><br></div><div class="spacer"></div><div>The opposing <span class="battle-nickname-foe" title="Granbull">Granbull</span> used <strong>Thunder Wave</strong>!</div><div><small>But it failed!</small></div><div class="spacer"></div><div><small><span class="battle-nickname" title="Ninjask">Ninjask</span> restored a little HP using its Leftovers!</small></div><div><small>[<span class="battle-nickname" title="Ninjask">Ninjask</span>'s Speed Boost!]</small></div><div><small><span class="battle-nickname" title="Ninjask">Ninjask</span>'s Speed rose! </small></div><h2>Turn 2</h2><div class="spacer"></div><div><span class="battle-nickname" title="Ninjask">Ninjask</span> used <strong>Protect</strong>!</div><div><small><span class="battle-nickname" title="Ninjask">Ninjask</span> protected itself!</small></div><div class="spacer"></div><div>The opposing <span class="battle-nickname-foe" title="Granbull">Granbull</span> used <strong>Crunch</strong>!</div><div><small><span class="battle-nickname" title="Ninjask">Ninjask</span> protected itself!</small></div><div class="spacer"></div><div><small><span class="battle-nickname" title="Ninjask">Ninjask</span> restored a little HP using its Leftovers!</small></div><div><small>[<span class="battle-nickname" title="Ninjask">Ninjask</span>'s Speed Boost!]</small></div><div><small><span class="battle-nickname" title="Ninjask">Ninjask</span>'s Speed rose! </small></div><h2>Turn 3</h2><div class="spacer"></div><div><span class="battle-nickname" title="Ninjask">Ninjask</span> used <strong>Baton Pass</strong>!</div><div class="spacer"></div><div>Go! Slurpuff!</div><div class="spacer"></div><div>The opposing <span class="battle-nickname-foe" title="Granbull">Granbull</span> used <strong>Crunch</strong>!</div><div><small>It's not very effective... A critical hit! The substitute took damage for <span class="battle-nickname" title="Slurpuff">Slurpuff</span>!</small></div><h2>Turn 4</h2><div class="spacer"></div><div><span class="battle-nickname" title="Slurpuff">Slurpuff</span> used <strong>Belly Drum</strong>!</div><div><small><span class="battle-nickname" title="Slurpuff">Slurpuff</span> lost 50% of its health!</small><br></div><div><small><span class="battle-nickname" title="Slurpuff">Slurpuff</span> cut its own HP and maximized its Attack!</small></div><div><small><span class="battle-nickname" title="Slurpuff">Slurpuff</span> ate its Sitrus Berry!</small></div><div><small><span class="battle-nickname" title="Slurpuff">Slurpuff</span> restored HP using its Sitrus Berry!</small></div><div class="spacer"></div><div>The opposing <span class="battle-nickname-foe" title="Granbull">Granbull</span> used <strong>Play Rough</strong>!</div><div><small>A critical hit! <span class="battle-nickname" title="Slurpuff">Slurpuff</span>'s substitute faded!</small></div><h2>Turn 5</h2><div class="spacer"></div><div><span class="battle-nickname" title="Slurpuff">Slurpuff</span> used <strong>Substitute</strong>!</div><div><small><span class="battle-nickname" title="Slurpuff">Slurpuff</span> put in a substitute!</small></div><div><small><span class="battle-nickname" title="Slurpuff">Slurpuff</span> lost 25% of its health!</small><br></div><div class="spacer"></div><div>The opposing <span class="battle-nickname-foe" title="Granbull">Granbull</span> used <strong>Thunder Wave</strong>!</div><div><small>But it failed!</small></div><h2>Turn 6</h2><div class="spacer"></div><div><span class="battle-nickname" title="Slurpuff">Slurpuff</span> used <strong>Play Rough</strong>!</div><div><small>The opposing <span class="battle-nickname-foe" title="Granbull">Granbull</span> hung on using its Focus Sash!</small></div><div><small>The opposing <span class="battle-nickname-foe" title="Granbull">Granbull</span> lost 99% of its health!</small><br></div><div><small>The opposing <span class="battle-nickname-foe" title="Granbull">Granbull</span>'s Attack fell! </small></div><div class="spacer"></div><div>The opposing <span class="battle-nickname-foe" title="Granbull">Granbull</span> used <strong>Play Rough</strong>!</div><div><small><span class="battle-nickname" title="Slurpuff">Slurpuff</span>'s substitute faded!</small></div><h2>Turn 7</h2><div class="spacer"></div><div><span class="battle-nickname" title="Slurpuff">Slurpuff</span> used <strong>Drain Punch</strong>!</div><div><small>It's not very effective... </small><small>The opposing <span class="battle-nickname-foe" title="Granbull">Granbull</span> lost 1% of its health!</small><br></div><div><small>The opposing <span class="battle-nickname-foe" title="Granbull">Granbull</span> had its energy drained!</small></div><div class="spacer"></div><div>The opposing <span class="battle-nickname-foe" title="Granbull">Granbull</span> fainted!</div><div class="spacer"></div><div>leprechaunjc sent out Pidgeot!</div><h2>Turn 8</h2><div class="spacer"></div><div><small>The opposing <span class="battle-nickname-foe" title="Pidgeot-Mega">Pidgeot</span>'s Pidgeotite is reacting to leprechaunjc's Mega Bracelet!<br>The opposing <span class="battle-nickname-foe" title="Pidgeot-Mega">Pidgeot</span> has Mega Evolved into Mega Pidgeot!</small></div><div class="spacer"></div><div><span class="battle-nickname" title="Slurpuff">Slurpuff</span> used <strong>Drain Punch</strong>!</div><div><small>The opposing <span class="battle-nickname-foe" title="Pidgeot-Mega">Pidgeot</span> lost 73% of its health!</small><br></div><div><small>The opposing <span class="battle-nickname-foe" title="Pidgeot-Mega">Pidgeot</span> had its energy drained!</small></div><div class="spacer"></div><div>The opposing <span class="battle-nickname-foe" title="Pidgeot-Mega">Pidgeot</span> used <strong>Hurricane</strong>!</div><div><small><span class="battle-nickname" title="Slurpuff">Slurpuff</span> lost 55% of its health!</small><br></div><h2>Turn 9</h2><div class="spacer"></div><div>leprechaunjc withdrew <span class="battle-nickname-foe" title="Pidgeot-Mega">Pidgeot <small>(Pidgeot-Mega)</small></span>!</div><div class="spacer"></div><div>leprechaunjc sent out Jellicent!</div><div class="spacer"></div><div><span class="battle-nickname" title="Slurpuff">Slurpuff</span> used <strong>Drain Punch</strong>!</div><div><small>It doesn't affect the opposing <span class="battle-nickname-foe" title="Jellicent">Jellicent</span>... </small></div><h2>Turn 10</h2><div class="spacer"></div><div><span class="battle-nickname" title="Slurpuff">Slurpuff</span> used <strong>Play Rough</strong>!</div><div><small>The opposing <span class="battle-nickname-foe" title="Jellicent">Jellicent</span> lost 100% of its health!</small><br></div><div class="spacer"></div><div>The opposing <span class="battle-nickname-foe" title="Jellicent">Jellicent</span> fainted!</div><div class="spacer"></div><div>leprechaunjc sent out Shaymin!</div><h2>Turn 11</h2><div class="spacer"></div><div><span class="battle-nickname" title="Slurpuff">Slurpuff</span> used <strong>Drain Punch</strong>!</div><div><small>The opposing <span class="battle-nickname-foe" title="Shaymin">Shaymin</span> lost 53% of its health!</small><br></div><div><small>The opposing <span class="battle-nickname-foe" title="Shaymin">Shaymin</span> had its energy drained!</small></div><div class="spacer"></div><div>The opposing <span class="battle-nickname-foe" title="Shaymin">Shaymin</span> used <strong>Seed Flare</strong>!</div><div><small><span class="battle-nickname" title="Slurpuff">Slurpuff</span> lost 53% of its health!</small><br></div><div class="spacer"></div><div><small>The opposing <span class="battle-nickname-foe" title="Shaymin">Shaymin</span> restored a little HP using its Leftovers!</small></div><h2>Turn 12</h2><div class="spacer"></div><div><span class="battle-nickname" title="Slurpuff">Slurpuff</span> used <strong>Play Rough</strong>!</div><div><small>The opposing <span class="battle-nickname-foe" title="Shaymin">Shaymin</span> avoided the attack!</small></div><div class="spacer"></div><div>The opposing <span class="battle-nickname-foe" title="Shaymin">Shaymin</span> used <strong>Seed Flare</strong>!</div><div><small><span class="battle-nickname" title="Slurpuff">Slurpuff</span> avoided the attack!</small></div><div class="spacer"></div><div><small>The opposing <span class="battle-nickname-foe" title="Shaymin">Shaymin</span> restored a little HP using its Leftovers!</small></div><h2>Turn 13</h2><div class="spacer"></div><div><span class="battle-nickname" title="Slurpuff">Slurpuff</span> used <strong>Play Rough</strong>!</div><div><small>The opposing <span class="battle-nickname-foe" title="Shaymin">Shaymin</span> lost 60% of its health!</small><br></div><div class="spacer"></div><div>The opposing <span class="battle-nickname-foe" title="Shaymin">Shaymin</span> fainted!</div><div class="spacer"></div><div>leprechaunjc sent out <span class="battle-nickname-foe" title="Rotom-Wash">Rotom <small>(Rotom-Wash)</small></span>!</div><h2>Turn 14</h2><div class="spacer"></div><div><span class="battle-nickname" title="Slurpuff">Slurpuff</span> used <strong>Play Rough</strong>!</div><div><small>A critical hit! </small><small>The opposing <span class="battle-nickname-foe" title="Rotom-Wash">Rotom</span> lost 100% of its health!</small><br></div><div class="spacer"></div><div>The opposing <span class="battle-nickname-foe" title="Rotom-Wash">Rotom</span> fainted!</div><div class="spacer"></div><div>leprechaunjc sent out Magmortar!</div><h2>Turn 15</h2><div class="spacer"></div><div><span class="battle-nickname" title="Slurpuff">Slurpuff</span> used <strong>Drain Punch</strong>!</div><div><small>The opposing <span class="battle-nickname-foe" title="Magmortar">Magmortar</span> lost 91% of its health!</small><br></div><div><small>The opposing <span class="battle-nickname-foe" title="Magmortar">Magmortar</span> had its energy drained!</small></div><div class="spacer"></div><div>The opposing <span class="battle-nickname-foe" title="Magmortar">Magmortar</span> used <strong>Earthquake</strong>!</div><div><small><span class="battle-nickname" title="Slurpuff">Slurpuff</span> lost 28% of its health!</small><br></div><div class="spacer"></div><div><small>The opposing <span class="battle-nickname-foe" title="Magmortar">Magmortar</span> restored a little HP using its Leftovers!</small></div><h2>Turn 16</h2><div class="spacer"></div><div><span class="battle-nickname" title="Slurpuff">Slurpuff</span> used <strong>Drain Punch</strong>!</div><div><small>The opposing <span class="battle-nickname-foe" title="Magmortar">Magmortar</span> lost 15% of its health!</small><br></div><div><small>The opposing <span class="battle-nickname-foe" title="Magmortar">Magmortar</span> had its energy drained!</small></div><div class="spacer"></div><div>The opposing <span class="battle-nickname-foe" title="Magmortar">Magmortar</span> fainted!</div><div class="spacer"></div><div>leprechaunjc sent out <span class="battle-nickname-foe" title="Pidgeot-Mega">Pidgeot <small>(Pidgeot-Mega)</small></span>!</div><h2>Turn 17</h2><div class="spacer"></div><div><span class="battle-nickname" title="Slurpuff">Slurpuff</span> used <strong>Drain Punch</strong>!</div><div><small>The opposing <span class="battle-nickname-foe" title="Pidgeot-Mega">Pidgeot</span> lost 27% of its health!</small><br></div><div><small>The opposing <span class="battle-nickname-foe" title="Pidgeot-Mega">Pidgeot</span> had its energy drained!</small></div><div class="spacer"></div><div>The opposing <span class="battle-nickname-foe" title="Pidgeot-Mega">Pidgeot</span> fainted!</div><div class="spacer"></div><div>Xgrimjaw won the battle!</div></div></div>
</div>
<script>
var daily = Math.floor(Date.now()/1000/60/60/24);document.write('<script src="https://play.pokemonshowdown.com/js/replay-embed.js?version'+daily+'"></'+'script>');
</script>
