<!DOCTYPE html>
<meta charset="utf-8" />
<!-- version 1 -->
<title>[Gen 7] Random Battle replay: Srgb fhn vs. Younglaw</title>
<style>
html,body {font-family:Verdana, sans-serif;font-size:10pt;margin:0;padding:0;}body{padding:12px 0;} .battle-log {font-family:Verdana, sans-serif;font-size:10pt;} .battle-log-inline {border:1px solid #AAAAAA;background:#EEF2F5;color:black;max-width:640px;margin:0 auto 80px;padding-bottom:5px;} .battle-log .inner {padding:4px 8px 0px 8px;} .battle-log .inner-preempt {padding:0 8px 4px 8px;} .battle-log .inner-after {margin-top:0.5em;} .battle-log h2 {margin:0.5em -8px;padding:4px 8px;border:1px solid #AAAAAA;background:#E0E7EA;border-left:0;border-right:0;font-family:Verdana, sans-serif;font-size:13pt;} .battle-log .chat {vertical-align:middle;padding:3px 0 3px 0;font-size:8pt;} .battle-log .chat strong {color:#40576A;} .battle-log .chat em {padding:1px 4px 1px 3px;color:#000000;font-style:normal;} .chat.mine {background:rgba(0,0,0,0.05);margin-left:-8px;margin-right:-8px;padding-left:8px;padding-right:8px;} .spoiler {color:#BBBBBB;background:#BBBBBB;padding:0px 3px;} .spoiler:hover, .spoiler:active, .spoiler-shown {color:#000000;background:#E2E2E2;padding:0px 3px;} .spoiler a {color:#BBBBBB;} .spoiler:hover a, .spoiler:active a, .spoiler-shown a {color:#2288CC;} .chat code, .chat .spoiler:hover code, .chat .spoiler:active code, .chat .spoiler-shown code {border:1px solid #C0C0C0;background:#EEEEEE;color:black;padding:0 2px;} .chat .spoiler code {border:1px solid #CCCCCC;background:#CCCCCC;color:#CCCCCC;} .battle-log .rated {padding:3px 4px;} .battle-log .rated strong {color:white;background:#89A;padding:1px 4px;border-radius:4px;} .spacer {margin-top:0.5em;} .message-announce {background:#6688AA;color:white;padding:1px 4px 2px;} .message-announce a, .broadcast-green a, .broadcast-blue a, .broadcast-red a {color:#DDEEFF;} .broadcast-green {background-color:#559955;color:white;padding:2px 4px;} .broadcast-blue {background-color:#6688AA;color:white;padding:2px 4px;} .infobox {border:1px solid #6688AA;padding:2px 4px;} .infobox-limited {max-height:200px;overflow:auto;overflow-x:hidden;} .broadcast-red {background-color:#AA5544;color:white;padding:2px 4px;} .message-learn-canlearn {font-weight:bold;color:#228822;text-decoration:underline;} .message-learn-cannotlearn {font-weight:bold;color:#CC2222;text-decoration:underline;} .message-effect-weak {font-weight:bold;color:#CC2222;} .message-effect-resist {font-weight:bold;color:#6688AA;} .message-effect-immune {font-weight:bold;color:#666666;} .message-learn-list {margin-top:0;margin-bottom:0;} .message-throttle-notice, .message-error {color:#992222;} .message-overflow, .chat small.message-overflow {font-size:0pt;} .message-overflow::before {font-size:9pt;content:'...';} .subtle {color:#3A4A66;}
</style>
<div class="wrapper replay-wrapper" style="max-width:1180px;margin:0 auto">
<input type="hidden" name="replayid" value="gen7randombattle-566949193" />
<div class="battle"></div><div class="battle-log"></div><div class="replay-controls"></div><div class="replay-controls-2"></div>
<h1 style="font-weight:normal;text-align:center"><strong>[Gen 7] Random Battle</strong><br /><a href="http://pokemonshowdown.com/users/srgbfhn" class="subtle" target="_blank">Srgb fhn</a> vs. <a href="http://pokemonshowdown.com/users/younglaw" class="subtle" target="_blank">Younglaw</a></h1>
<script type="text/plain" class="battle-log-data">|j|Srgb fhn
|j|Younglaw
|player|p1|Srgb fhn|29
|player|p2|Younglaw|161
|gametype|singles
|gen|7
|tier|[Gen 7] Random Battle
|rated
|seed|4090,2956,32261,23895,47034,42480,898,50914,20991,24007,65040,936
|rule|Sleep Clause Mod: Limit one foe put to sleep
|rule|HP Percentage Mod: HP is shown in percentages
|
|start
|switch|p1a: Ampharos|Ampharos, L75, F|100\/100
|switch|p2a: Quagsire|Quagsire, L79, F|100\/100
|turn|1
|choice|switch 2|move scald
|
|switch|p1a: Farfetch'd|Farfetch'd, L79, F|100\/100
|move|p2a: Quagsire|Scald|p1a: Farfetch'd
|-damage|p1a: Farfetch'd|66\/100
|-status|p1a: Farfetch'd|brn
|
|-damage|p1a: Farfetch'd|60\/100 brn|[from] brn
|upkeep
|turn|2
|choice|move swordsdance|move encore
|
|move|p1a: Farfetch'd|Swords Dance|p1a: Farfetch'd
|-boost|p1a: Farfetch'd|atk|2
|move|p2a: Quagsire|Encore|p1a: Farfetch'd
|-start|p1a: Farfetch'd|Encore
|
|-damage|p1a: Farfetch'd|54\/100 brn|[from] brn
|upkeep
|turn|3
|inactive|Battle timer is ON: inactive players will automatically lose when time's up. (requested by Srgb fhn)
|choice|switch 6|switch 4
|
|switch|p1a: Jirachi|Jirachi, L75|100\/100
|-item|p1a: Jirachi|Air Balloon
|switch|p2a: Mew|Mew, L77|100\/100
|
|upkeep
|turn|4
|choice|move toxic|move taunt
|
|move|p2a: Mew|Taunt|p1a: Jirachi
|-start|p1a: Jirachi|move: Taunt
|cant|p1a: Jirachi|move: Taunt|Toxic
|
|upkeep
|turn|5
|choice|switch 6|move nastyplot
|
|switch|p1a: Farfetch'd|Farfetch'd, L79, F|54\/100 brn
|move|p2a: Mew|Nasty Plot|p2a: Mew
|-boost|p2a: Mew|spa|2
|
|-damage|p1a: Farfetch'd|47\/100 brn|[from] brn
|upkeep
|turn|6
|choice|move nightslash|move psyshock
|
|move|p2a: Mew|Psyshock|p1a: Farfetch'd
|-damage|p1a: Farfetch'd|0 fnt
|faint|p1a: Farfetch'd
|
|upkeep
|c|☆Srgb fhn|FAGGGGGG
|c|☆Srgb fhn|DIE
|l|Srgb fhn
|player|p1|
|-message|Srgb fhn lost due to inactivity.
|
|win|Younglaw
|raw|Srgb fhn's rating: 1338 &rarr; <strong>1322<\/strong><br \/>(-16 for losing)
|raw|Younglaw's rating: 1418 &rarr; <strong>1433<\/strong><br \/>(+15 for winning)</script>
</div>
<div class="battle-log battle-log-inline"><div class="inner"><div class="chat"><small>Srgb fhn joined.</small></div><div class="chat"><small>Younglaw joined.</small></div><div style="padding:5px 0"><small>Format:</small> <br><strong>[Gen 7] Random Battle</strong></div><div class="rated"><strong>Rated battle</strong></div><div><small><em>Sleep Clause Mod:</em> Limit one foe put to sleep</small></div><div><small><em>HP Percentage Mod:</em> HP is shown in percentages</small></div><div>Battle between Srgb fhn and Younglaw started!</div><div class="spacer"></div><div>Go! Ampharos!</div><div class="spacer"></div><div>Younglaw sent out Quagsire!</div><h2>Turn 1</h2><div class="spacer"></div><div><span class="battle-nickname" title="Ampharos">Ampharos</span>, come back!</div><div class="spacer"></div><div>Go! Farfetch'd!</div><div class="spacer"></div><div>The opposing <span class="battle-nickname-foe" title="Quagsire">Quagsire</span> used <strong>Scald</strong>!</div><div><small><span class="battle-nickname" title="Farfetch'd">Farfetch'd</span> lost 34% of its health!</small><br></div><div><small><span class="battle-nickname" title="Farfetch'd">Farfetch'd</span> was burned!</small></div><div class="spacer"></div><div><small><span class="battle-nickname" title="Farfetch'd">Farfetch'd</span> was hurt by its burn!</small></div><h2>Turn 2</h2><div class="spacer"></div><div><span class="battle-nickname" title="Farfetch'd">Farfetch'd</span> used <strong>Swords Dance</strong>!</div><div><small><span class="battle-nickname" title="Farfetch'd">Farfetch'd</span>'s Attack rose sharply! </small></div><div class="spacer"></div><div>The opposing <span class="battle-nickname-foe" title="Quagsire">Quagsire</span> used <strong>Encore</strong>!</div><div><small><span class="battle-nickname" title="Farfetch'd">Farfetch'd</span> received an encore!</small></div><div class="spacer"></div><div><small><span class="battle-nickname" title="Farfetch'd">Farfetch'd</span> was hurt by its burn!</small></div><h2>Turn 3</h2><div class="chat message-error">Battle timer is ON: inactive players will automatically lose when time's up. (requested by Srgb fhn)</div><div class="spacer"></div><div><span class="battle-nickname" title="Farfetch'd">Farfetch'd</span>, come back!</div><div class="spacer"></div><div>Go! Jirachi!</div><div><small><span class="battle-nickname" title="Jirachi">Jirachi</span> floats in the air with its Air Balloon!</small></div><div class="spacer"></div><div>Younglaw withdrew Quagsire!</div><div class="spacer"></div><div>Younglaw sent out Mew!</div><h2>Turn 4</h2><div class="spacer"></div><div>The opposing <span class="battle-nickname-foe" title="Mew">Mew</span> used <strong>Taunt</strong>!</div><div><small><span class="battle-nickname" title="Jirachi">Jirachi</span> fell for the taunt!</small></div><div class="spacer"></div><div><span class="battle-nickname" title="Jirachi">Jirachi</span> can't use Toxic after the taunt!</div><h2>Turn 5</h2><div class="spacer"></div><div><span class="battle-nickname" title="Jirachi">Jirachi</span>, come back!</div><div class="spacer"></div><div>Go! Farfetch'd!</div><div class="spacer"></div><div>The opposing <span class="battle-nickname-foe" title="Mew">Mew</span> used <strong>Nasty Plot</strong>!</div><div><small>The opposing <span class="battle-nickname-foe" title="Mew">Mew</span>'s Special Attack rose sharply! </small></div><div class="spacer"></div><div><small><span class="battle-nickname" title="Farfetch'd">Farfetch'd</span> was hurt by its burn!</small></div><h2>Turn 6</h2><div class="spacer"></div><div>The opposing <span class="battle-nickname-foe" title="Mew">Mew</span> used <strong>Psyshock</strong>!</div><div><small><span class="battle-nickname" title="Farfetch'd">Farfetch'd</span> lost 47% of its health!</small><br></div><div class="spacer"></div><div><span class="battle-nickname" title="Farfetch'd">Farfetch'd</span> fainted!</div><div class="chat chatmessage-srgbfhn"><strong style="color:hsl(261,48.4688508%,51.9377016%);"><small>☆</small><span class="username" data-name="Srgb fhn">Srgb fhn</span>:</strong> <em>FAGGGGGG</em></div><div class="chat chatmessage-srgbfhn"><strong style="color:hsl(261,48.4688508%,51.9377016%);"><small>☆</small><span class="username" data-name="Srgb fhn">Srgb fhn</span>:</strong> <em>DIE</em></div><div class="chat"><small>Srgb fhn left.</small></div><div class="spacer"></div><div><small>Srgb fhn lost due to inactivity.</small></div><div class="spacer"></div><div>Younglaw won the battle!</div><div class="chat">Srgb fhn's rating: 1338 → <strong>1322</strong><br>(-16 for losing)</div><div class="chat">Younglaw's rating: 1418 → <strong>1433</strong><br>(+15 for winning)</div></div></div>
</div>
<script>
var daily = Math.floor(Date.now()/1000/60/60/24);document.write('<script src="https://play.pokemonshowdown.com/js/replay-embed.js?version'+daily+'"></'+'script>');
</script>
