<!DOCTYPE html>
<meta charset="utf-8" />
<!-- version 1 -->
<title>[Gen 7] Random Battle replay: EquaIsNotFunny vs. DR2</title>
<style>
html,body {font-family:Verdana, sans-serif;font-size:10pt;margin:0;padding:0;}body{padding:12px 0;} .battle-log {font-family:Verdana, sans-serif;font-size:10pt;} .battle-log-inline {border:1px solid #AAAAAA;background:#EEF2F5;color:black;max-width:640px;margin:0 auto 80px;padding-bottom:5px;} .battle-log .inner {padding:4px 8px 0px 8px;} .battle-log .inner-preempt {padding:0 8px 4px 8px;} .battle-log .inner-after {margin-top:0.5em;} .battle-log h2 {margin:0.5em -8px;padding:4px 8px;border:1px solid #AAAAAA;background:#E0E7EA;border-left:0;border-right:0;font-family:Verdana, sans-serif;font-size:13pt;} .battle-log .chat {vertical-align:middle;padding:3px 0 3px 0;font-size:8pt;} .battle-log .chat strong {color:#40576A;} .battle-log .chat em {padding:1px 4px 1px 3px;color:#000000;font-style:normal;} .chat.mine {background:rgba(0,0,0,0.05);margin-left:-8px;margin-right:-8px;padding-left:8px;padding-right:8px;} .spoiler {color:#BBBBBB;background:#BBBBBB;padding:0px 3px;} .spoiler:hover, .spoiler:active, .spoiler-shown {color:#000000;background:#E2E2E2;padding:0px 3px;} .spoiler a {color:#BBBBBB;} .spoiler:hover a, .spoiler:active a, .spoiler-shown a {color:#2288CC;} .chat code, .chat .spoiler:hover code, .chat .spoiler:active code, .chat .spoiler-shown code {border:1px solid #C0C0C0;background:#EEEEEE;color:black;padding:0 2px;} .chat .spoiler code {border:1px solid #CCCCCC;background:#CCCCCC;color:#CCCCCC;} .battle-log .rated {padding:3px 4px;} .battle-log .rated strong {color:white;background:#89A;padding:1px 4px;border-radius:4px;} .spacer {margin-top:0.5em;} .message-announce {background:#6688AA;color:white;padding:1px 4px 2px;} .message-announce a, .broadcast-green a, .broadcast-blue a, .broadcast-red a {color:#DDEEFF;} .broadcast-green {background-color:#559955;color:white;padding:2px 4px;} .broadcast-blue {background-color:#6688AA;color:white;padding:2px 4px;} .infobox {border:1px solid #6688AA;padding:2px 4px;} .infobox-limited {max-height:200px;overflow:auto;overflow-x:hidden;} .broadcast-red {background-color:#AA5544;color:white;padding:2px 4px;} .message-learn-canlearn {font-weight:bold;color:#228822;text-decoration:underline;} .message-learn-cannotlearn {font-weight:bold;color:#CC2222;text-decoration:underline;} .message-effect-weak {font-weight:bold;color:#CC2222;} .message-effect-resist {font-weight:bold;color:#6688AA;} .message-effect-immune {font-weight:bold;color:#666666;} .message-learn-list {margin-top:0;margin-bottom:0;} .message-throttle-notice, .message-error {color:#992222;} .message-overflow, .chat small.message-overflow {font-size:0pt;} .message-overflow::before {font-size:9pt;content:'...';} .subtle {color:#3A4A66;}
</style>
<div class="wrapper replay-wrapper" style="max-width:1180px;margin:0 auto">
<input type="hidden" name="replayid" value="gen7randombattle-566967443" />
<div class="battle"></div><div class="battle-log"></div><div class="replay-controls"></div><div class="replay-controls-2"></div>
<h1 style="font-weight:normal;text-align:center"><strong>[Gen 7] Random Battle</strong><br /><a href="http://pokemonshowdown.com/users/equaisnotfunny" class="subtle" target="_blank">EquaIsNotFunny</a> vs. <a href="http://pokemonshowdown.com/users/dr2" class="subtle" target="_blank">DR2</a></h1>
<script type="text/plain" class="battle-log-data">|j|EquaIsNotFunny
|j|DR2
|player|p1|EquaIsNotFunny|52
|player|p2|DR2|195
|gametype|singles
|gen|7
|tier|[Gen 7] Random Battle
|rated
|seed|3003,46393,2953,1221,49316,16587,3123,24516,8888,5494,47603,60495
|rule|Sleep Clause Mod: Limit one foe put to sleep
|rule|HP Percentage Mod: HP is shown in percentages
|
|start
|switch|p1a: Kricketune|Kricketune, L79, F|100\/100
|switch|p2a: Malamar|Malamar, L79, F|100\/100
|turn|1
|choice|move stickyweb|switch 3
|
|switch|p2a: Kyurem|Kyurem, L78|100\/100
|-ability|p2a: Kyurem|Pressure
|move|p1a: Kricketune|Sticky Web|p2a: Kyurem
|-sidestart|p2: DR2|move: Sticky Web
|
|upkeep
|turn|2
|inactive|Battle timer is ON: inactive players will automatically lose when time's up. (requested by DR2)
|choice|move toxic|move icebeam
|
|move|p2a: Kyurem|Ice Beam|p1a: Kricketune
|-damage|p1a: Kricketune|32\/100
|move|p1a: Kricketune|Toxic|p2a: Kyurem
|-status|p2a: Kyurem|tox
|
|-damage|p2a: Kyurem|94\/100 tox|[from] psn
|upkeep
|turn|3
|choice|move leechlife|move icebeam
|
|move|p2a: Kyurem|Ice Beam|p1a: Kricketune
|-damage|p1a: Kricketune|0 fnt
|faint|p1a: Kricketune
|
|-heal|p2a: Kyurem|100\/100 tox|[from] item: Leftovers
|-damage|p2a: Kyurem|88\/100 tox|[from] psn
|upkeep
|choice|switch 4|
|
|switch|p1a: Fearow|Fearow, L79, F|100\/100
|turn|4
|choice|move doubleedge|move icebeam
|
|move|p1a: Fearow|Double-Edge|p2a: Kyurem
|-damage|p2a: Kyurem|36\/100 tox
|-damage|p1a: Fearow|76\/100|[from] recoil|[of] p2a: Kyurem
|move|p2a: Kyurem|Ice Beam|p1a: Fearow
|-supereffective|p1a: Fearow
|-damage|p1a: Fearow|0 fnt
|faint|p1a: Fearow
|
|-heal|p2a: Kyurem|42\/100 tox|[from] item: Leftovers
|-damage|p2a: Kyurem|23\/100 tox|[from] psn
|upkeep
|choice|switch 2|
|
|switch|p1a: Delphox|Delphox, L79, M|100\/100
|turn|5
|choice|move shadowball|move dracometeor
|
|move|p1a: Delphox|Shadow Ball|p2a: Kyurem
|-damage|p2a: Kyurem|5\/100 tox
|move|p2a: Kyurem|Draco Meteor|p1a: Delphox
|-damage|p1a: Delphox|43\/100
|-unboost|p2a: Kyurem|spa|2
|
|-heal|p2a: Kyurem|11\/100 tox|[from] item: Leftovers
|-damage|p2a: Kyurem|0 fnt|[from] psn
|upkeep
|faint|p2a: Kyurem
|choice||switch 2
|
|switch|p2a: Stoutland|Stoutland, L79, M|100\/100
|-activate|p2a: Stoutland|move: Sticky Web
|-unboost|p2a: Stoutland|spe|1
|turn|6
|choice|switch 6|move crunch
|
|switch|p1a: Komala|Komala, L79, F|100\/100
|-ability|p1a: Komala|Comatose
|move|p2a: Stoutland|Crunch|p1a: Komala
|-damage|p1a: Komala|55\/100
|
|upkeep
|turn|7
|choice|move return|move crunch
|
|move|p1a: Komala|Return|p2a: Stoutland
|-damage|p2a: Stoutland|38\/100
|move|p2a: Stoutland|Crunch|p1a: Komala
|-damage|p1a: Komala|10\/100
|
|upkeep
|turn|8
|choice|move return|move crunch
|
|move|p1a: Komala|Return|p2a: Stoutland
|-damage|p2a: Stoutland|0 fnt
|faint|p2a: Stoutland
|
|upkeep
|choice||switch 5
|
|switch|p2a: Latios|Latios, L75, M|100\/100
|turn|9
|choice|move return|move psyshock mega
|
|detailschange|p2a: Latios|Latios-Mega, L75, M
|-mega|p2a: Latios|Latios|Latiosite
|move|p2a: Latios|Psyshock|p1a: Komala
|-damage|p1a: Komala|0 fnt
|faint|p1a: Komala
|
|upkeep
|choice|switch 6|
|
|switch|p1a: Delphox|Delphox, L79, M|43\/100
|turn|10
|choice|move shadowball|move psyshock
|
|move|p1a: Delphox|Shadow Ball|p2a: Latios
|-supereffective|p2a: Latios
|-crit|p2a: Latios
|-damage|p2a: Latios|38\/100
|move|p2a: Latios|Psyshock|p1a: Delphox
|-resisted|p1a: Delphox
|-damage|p1a: Delphox|16\/100
|
|upkeep
|turn|11
|choice|move shadowball|switch 4
|
|switch|p2a: Tangrowth|Tangrowth, L75, F|100\/100
|-activate|p2a: Tangrowth|move: Sticky Web
|-unboost|p2a: Tangrowth|spe|1
|move|p1a: Delphox|Shadow Ball|p2a: Tangrowth
|-damage|p2a: Tangrowth|63\/100
|
|upkeep
|turn|12
|choice|switch 3|move knockoff
|
|switch|p1a: Electrode|Electrode, L79|100\/100
|-item|p1a: Electrode|Air Balloon
|move|p2a: Tangrowth|Knock Off|p1a: Electrode
|-damage|p1a: Electrode|55\/100
|-enditem|p1a: Electrode|Air Balloon
|-damage|p2a: Tangrowth|53\/100|[from] item: Life Orb
|
|upkeep
|turn|13
|choice|move taunt|move sleeppowder
|
|move|p1a: Electrode|Taunt|p2a: Tangrowth
|-start|p2a: Tangrowth|move: Taunt
|cant|p2a: Tangrowth|move: Taunt|Sleep Powder
|
|upkeep
|turn|14
|choice|switch 5|move earthquake
|
|switch|p1a: Zekrom|Zekrom, L73|100\/100
|-ability|p1a: Zekrom|Teravolt
|move|p2a: Tangrowth|Earthquake|p1a: Zekrom
|-supereffective|p1a: Zekrom
|-damage|p1a: Zekrom|44\/100
|-damage|p2a: Tangrowth|44\/100|[from] item: Life Orb
|
|-heal|p1a: Zekrom|50\/100|[from] item: Leftovers
|upkeep
|turn|15
|choice|move dragonclaw|switch 6
|
|switch|p2a: Raichu|Raichu, L79, M|100\/100
|-item|p2a: Raichu|Air Balloon
|move|p1a: Zekrom|Dragon Claw|p2a: Raichu
|-damage|p2a: Raichu|38\/100
|-enditem|p2a: Raichu|Air Balloon
|
|-heal|p1a: Zekrom|56\/100|[from] item: Leftovers
|upkeep
|turn|16
|choice|switch 5|move thunderbolt
|
|switch|p1a: Electrode|Electrode, L79|55\/100
|move|p2a: Raichu|Thunderbolt|p1a: Electrode
|-resisted|p1a: Electrode
|-damage|p1a: Electrode|34\/100
|
|upkeep
|turn|17
|choice|move foulplay|move thunderbolt
|
|move|p1a: Electrode|Foul Play|p2a: Raichu
|-damage|p2a: Raichu|10\/100
|move|p2a: Raichu|Thunderbolt|p1a: Electrode
|-resisted|p1a: Electrode
|-damage|p1a: Electrode|13\/100
|
|upkeep
|turn|18
|choice|move foulplay|switch 3
|
|switch|p2a: Malamar|Malamar, L79, F|100\/100
|-activate|p2a: Malamar|move: Sticky Web
|-boost|p2a: Malamar|spe|1
|move|p1a: Electrode|Foul Play|p2a: Malamar
|-damage|p2a: Malamar|76\/100
|
|upkeep
|turn|19
|choice|move thunderbolt|move superpower
|
|move|p1a: Electrode|Thunderbolt|p2a: Malamar
|-damage|p2a: Malamar|41\/100
|move|p2a: Malamar|Superpower|p1a: Electrode
|-damage|p1a: Electrode|0 fnt
|-damage|p2a: Malamar|16\/100|[from] ability: Aftermath|[of] p1a: Electrode
|-boost|p2a: Malamar|atk|1
|-boost|p2a: Malamar|def|1
|-damage|p2a: Malamar|7\/100|[from] item: Life Orb
|faint|p1a: Electrode
|
|upkeep
|choice|switch 3|
|
|switch|p1a: Delphox|Delphox, L79, M|16\/100
|turn|20
|choice|move shadowball|switch 3
|
|switch|p2a: Raichu|Raichu, L79, M|10\/100
|-activate|p2a: Raichu|move: Sticky Web
|-unboost|p2a: Raichu|spe|1
|move|p1a: Delphox|Shadow Ball|p2a: Raichu
|-damage|p2a: Raichu|0 fnt
|faint|p2a: Raichu
|
|upkeep
|choice||switch 6
|
|switch|p2a: Tangrowth|Tangrowth, L75, F|77\/100
|-activate|p2a: Tangrowth|move: Sticky Web
|-unboost|p2a: Tangrowth|spe|1
|turn|21
|choice|switch 5|move knockoff
|
|switch|p1a: Zekrom|Zekrom, L73|56\/100
|-ability|p1a: Zekrom|Teravolt
|move|p2a: Tangrowth|Knock Off|p1a: Zekrom
|-damage|p1a: Zekrom|29\/100
|-enditem|p1a: Zekrom|Leftovers|[from] move: Knock Off|[of] p2a: Tangrowth
|-damage|p2a: Tangrowth|67\/100|[from] item: Life Orb
|
|upkeep
|turn|22
|choice|move dragonclaw|move sleeppowder
|
|move|p1a: Zekrom|Dragon Claw|p2a: Tangrowth
|-damage|p2a: Tangrowth|38\/100
|move|p2a: Tangrowth|Sleep Powder|p1a: Zekrom
|-status|p1a: Zekrom|slp
|
|upkeep
|turn|23
|choice|move dragonclaw|switch 3
|
|switch|p2a: Malamar|Malamar, L79, F|7\/100
|-activate|p2a: Malamar|move: Sticky Web
|-boost|p2a: Malamar|spe|1
|cant|p1a: Zekrom|slp
|
|upkeep
|turn|24
|choice|move dragonclaw|move trickroom
|
|cant|p1a: Zekrom|slp
|move|p2a: Malamar|Trick Room|p2a: Malamar
|-fieldstart|move: Trick Room|[of] p2a: Malamar
|
|upkeep
|turn|25
|choice|move dragonclaw|move superpower
|
|-curestatus|p1a: Zekrom|slp|[msg]
|move|p1a: Zekrom|Dragon Claw|p2a: Malamar
|-damage|p2a: Malamar|0 fnt
|faint|p2a: Malamar
|
|upkeep
|choice||switch 3
|
|switch|p2a: Tangrowth|Tangrowth, L75, F|72\/100
|-activate|p2a: Tangrowth|move: Sticky Web
|-unboost|p2a: Tangrowth|spe|1
|turn|26
|c|☆DR2|gg
|choice|move substitute|move earthquake
|
|move|p2a: Tangrowth|Earthquake|p1a: Zekrom
|-supereffective|p1a: Zekrom
|-damage|p1a: Zekrom|0 fnt
|-damage|p2a: Tangrowth|62\/100|[from] item: Life Orb
|faint|p1a: Zekrom
|
|upkeep
|choice|switch 5|
|
|switch|p1a: Delphox|Delphox, L79, M|16\/100
|turn|27
|choice|move fireblast|move earthquake
|
|move|p2a: Tangrowth|Earthquake|p1a: Delphox
|-supereffective|p1a: Delphox
|-damage|p1a: Delphox|0 fnt
|-damage|p2a: Tangrowth|52\/100|[from] item: Life Orb
|faint|p1a: Delphox
|
|win|DR2
|raw|EquaIsNotFunny's rating: 1602 &rarr; <strong>1579<\/strong><br \/>(-23 for losing)
|raw|DR2's rating: 1550 &rarr; <strong>1573<\/strong><br \/>(+23 for winning)</script>
</div>
<div class="battle-log battle-log-inline"><div class="inner"><div class="chat"><small>EquaIsNotFunny joined.</small></div><div class="chat"><small>DR2 joined.</small></div><div style="padding:5px 0"><small>Format:</small> <br><strong>[Gen 7] Random Battle</strong></div><div class="rated"><strong>Rated battle</strong></div><div><small><em>Sleep Clause Mod:</em> Limit one foe put to sleep</small></div><div><small><em>HP Percentage Mod:</em> HP is shown in percentages</small></div><div>Battle between EquaIsNotFunny and DR2 started!</div><div class="spacer"></div><div>Go! Kricketune!</div><div class="spacer"></div><div>DR2 sent out Malamar!</div><h2>Turn 1</h2><div class="spacer"></div><div>DR2 withdrew Malamar!</div><div class="spacer"></div><div>DR2 sent out Kyurem!</div><div><small>[Opposing <span class="battle-nickname-foe" title="Kyurem">Kyurem</span>'s Pressure!]</small></div><div><small>The opposing <span class="battle-nickname-foe" title="Kyurem">Kyurem</span> is exerting its pressure!</small></div><div class="spacer"></div><div><span class="battle-nickname" title="Kricketune">Kricketune</span> used <strong>Sticky Web</strong>!</div><div><small>A sticky web spreads out on the ground around the opposing team!</small></div><h2>Turn 2</h2><div class="chat message-error">Battle timer is ON: inactive players will automatically lose when time's up. (requested by DR2)</div><div class="spacer"></div><div>The opposing <span class="battle-nickname-foe" title="Kyurem">Kyurem</span> used <strong>Ice Beam</strong>!</div><div><small><span class="battle-nickname" title="Kricketune">Kricketune</span> lost 68% of its health!</small><br></div><div class="spacer"></div><div><span class="battle-nickname" title="Kricketune">Kricketune</span> used <strong>Toxic</strong>!</div><div><small>The opposing <span class="battle-nickname-foe" title="Kyurem">Kyurem</span> was badly poisoned!</small></div><div class="spacer"></div><div><small>The opposing <span class="battle-nickname-foe" title="Kyurem">Kyurem</span> was hurt by poison!</small></div><h2>Turn 3</h2><div class="spacer"></div><div>The opposing <span class="battle-nickname-foe" title="Kyurem">Kyurem</span> used <strong>Ice Beam</strong>!</div><div><small><span class="battle-nickname" title="Kricketune">Kricketune</span> lost 32% of its health!</small><br></div><div class="spacer"></div><div><span class="battle-nickname" title="Kricketune">Kricketune</span> fainted!</div><div class="spacer"></div><div><small>The opposing <span class="battle-nickname-foe" title="Kyurem">Kyurem</span> restored a little HP using its Leftovers!</small></div><div><small>The opposing <span class="battle-nickname-foe" title="Kyurem">Kyurem</span> was hurt by poison!</small></div><div class="spacer"></div><div>Go! Fearow!</div><h2>Turn 4</h2><div class="spacer"></div><div><span class="battle-nickname" title="Fearow">Fearow</span> used <strong>Double-Edge</strong>!</div><div><small>The opposing <span class="battle-nickname-foe" title="Kyurem">Kyurem</span> lost 52% of its health!</small><br></div><div><small><span class="battle-nickname" title="Fearow">Fearow</span> is damaged by the recoil!</small></div><div class="spacer"></div><div>The opposing <span class="battle-nickname-foe" title="Kyurem">Kyurem</span> used <strong>Ice Beam</strong>!</div><div><small>It's super effective! </small><small><span class="battle-nickname" title="Fearow">Fearow</span> lost 76% of its health!</small><br></div><div class="spacer"></div><div><span class="battle-nickname" title="Fearow">Fearow</span> fainted!</div><div class="spacer"></div><div><small>The opposing <span class="battle-nickname-foe" title="Kyurem">Kyurem</span> restored a little HP using its Leftovers!</small></div><div><small>The opposing <span class="battle-nickname-foe" title="Kyurem">Kyurem</span> was hurt by poison!</small></div><div class="spacer"></div><div>Go! Delphox!</div><h2>Turn 5</h2><div class="spacer"></div><div><span class="battle-nickname" title="Delphox">Delphox</span> used <strong>Shadow Ball</strong>!</div><div><small>The opposing <span class="battle-nickname-foe" title="Kyurem">Kyurem</span> lost 18% of its health!</small><br></div><div class="spacer"></div><div>The opposing <span class="battle-nickname-foe" title="Kyurem">Kyurem</span> used <strong>Draco Meteor</strong>!</div><div><small><span class="battle-nickname" title="Delphox">Delphox</span> lost 57% of its health!</small><br></div><div><small>The opposing <span class="battle-nickname-foe" title="Kyurem">Kyurem</span>'s Special Attack fell harshly! </small></div><div class="spacer"></div><div><small>The opposing <span class="battle-nickname-foe" title="Kyurem">Kyurem</span> restored a little HP using its Leftovers!</small></div><div><small>The opposing <span class="battle-nickname-foe" title="Kyurem">Kyurem</span> was hurt by poison!</small></div><div class="spacer"></div><div>The opposing <span class="battle-nickname-foe" title="Kyurem">Kyurem</span> fainted!</div><div class="spacer"></div><div>DR2 sent out Stoutland!</div><div><small>The opposing <span class="battle-nickname-foe" title="Stoutland">Stoutland</span> was caught in a sticky web!</small></div><div><small>The opposing <span class="battle-nickname-foe" title="Stoutland">Stoutland</span>'s Speed fell! </small></div><h2>Turn 6</h2><div class="spacer"></div><div><span class="battle-nickname" title="Delphox">Delphox</span>, come back!</div><div class="spacer"></div><div>Go! Komala!</div><div><small>[<span class="battle-nickname" title="Komala">Komala</span>'s Comatose!]</small></div><div><small><span class="battle-nickname" title="Komala">Komala</span> is drowsing!</small></div><div class="spacer"></div><div>The opposing <span class="battle-nickname-foe" title="Stoutland">Stoutland</span> used <strong>Crunch</strong>!</div><div><small><span class="battle-nickname" title="Komala">Komala</span> lost 45% of its health!</small><br></div><h2>Turn 7</h2><div class="spacer"></div><div><span class="battle-nickname" title="Komala">Komala</span> used <strong>Return</strong>!</div><div><small>The opposing <span class="battle-nickname-foe" title="Stoutland">Stoutland</span> lost 62% of its health!</small><br></div><div class="spacer"></div><div>The opposing <span class="battle-nickname-foe" title="Stoutland">Stoutland</span> used <strong>Crunch</strong>!</div><div><small><span class="battle-nickname" title="Komala">Komala</span> lost 45% of its health!</small><br></div><h2>Turn 8</h2><div class="spacer"></div><div><span class="battle-nickname" title="Komala">Komala</span> used <strong>Return</strong>!</div><div><small>The opposing <span class="battle-nickname-foe" title="Stoutland">Stoutland</span> lost 38% of its health!</small><br></div><div class="spacer"></div><div>The opposing <span class="battle-nickname-foe" title="Stoutland">Stoutland</span> fainted!</div><div class="spacer"></div><div>DR2 sent out Latios!</div><h2>Turn 9</h2><div class="spacer"></div><div><small>The opposing <span class="battle-nickname-foe" title="Latios-Mega">Latios</span>'s Latiosite is reacting to DR2's Mega Bracelet!<br>The opposing <span class="battle-nickname-foe" title="Latios-Mega">Latios</span> has Mega Evolved into Mega Latios!</small></div><div class="spacer"></div><div>The opposing <span class="battle-nickname-foe" title="Latios-Mega">Latios</span> used <strong>Psyshock</strong>!</div><div><small><span class="battle-nickname" title="Komala">Komala</span> lost 10% of its health!</small><br></div><div class="spacer"></div><div><span class="battle-nickname" title="Komala">Komala</span> fainted!</div><div class="spacer"></div><div>Go! Delphox!</div><h2>Turn 10</h2><div class="spacer"></div><div><span class="battle-nickname" title="Delphox">Delphox</span> used <strong>Shadow Ball</strong>!</div><div><small>It's super effective! A critical hit! </small><small>The opposing <span class="battle-nickname-foe" title="Latios-Mega">Latios</span> lost 62% of its health!</small><br></div><div class="spacer"></div><div>The opposing <span class="battle-nickname-foe" title="Latios-Mega">Latios</span> used <strong>Psyshock</strong>!</div><div><small>It's not very effective... </small><small><span class="battle-nickname" title="Delphox">Delphox</span> lost 27% of its health!</small><br></div><h2>Turn 11</h2><div class="spacer"></div><div>DR2 withdrew <span class="battle-nickname-foe" title="Latios-Mega">Latios <small>(Latios-Mega)</small></span>!</div><div class="spacer"></div><div>DR2 sent out Tangrowth!</div><div><small>The opposing <span class="battle-nickname-foe" title="Tangrowth">Tangrowth</span> was caught in a sticky web!</small></div><div><small>The opposing <span class="battle-nickname-foe" title="Tangrowth">Tangrowth</span>'s Speed fell! </small></div><div class="spacer"></div><div><span class="battle-nickname" title="Delphox">Delphox</span> used <strong>Shadow Ball</strong>!</div><div><small>The opposing <span class="battle-nickname-foe" title="Tangrowth">Tangrowth</span> lost 37% of its health!</small><br></div><h2>Turn 12</h2><div class="spacer"></div><div><span class="battle-nickname" title="Delphox">Delphox</span>, come back!</div><div class="spacer"></div><div>Go! Electrode!</div><div><small><span class="battle-nickname" title="Electrode">Electrode</span> floats in the air with its Air Balloon!</small></div><div class="spacer"></div><div>The opposing <span class="battle-nickname-foe" title="Tangrowth">Tangrowth</span> used <strong>Knock Off</strong>!</div><div><small><span class="battle-nickname" title="Electrode">Electrode</span> lost 45% of its health!</small><br></div><div><small><span class="battle-nickname" title="Electrode">Electrode</span>'s Air Balloon popped!</small></div><div><small>The opposing <span class="battle-nickname-foe" title="Tangrowth">Tangrowth</span> lost some of its HP!</small></div><h2>Turn 13</h2><div class="spacer"></div><div><span class="battle-nickname" title="Electrode">Electrode</span> used <strong>Taunt</strong>!</div><div><small>The opposing <span class="battle-nickname-foe" title="Tangrowth">Tangrowth</span> fell for the taunt!</small></div><div class="spacer"></div><div>The opposing <span class="battle-nickname-foe" title="Tangrowth">Tangrowth</span> can't use Sleep Powder after the taunt!</div><h2>Turn 14</h2><div class="spacer"></div><div><span class="battle-nickname" title="Electrode">Electrode</span>, come back!</div><div class="spacer"></div><div>Go! Zekrom!</div><div><small>[<span class="battle-nickname" title="Zekrom">Zekrom</span>'s Teravolt!]</small></div><div><small><span class="battle-nickname" title="Zekrom">Zekrom</span> is radiating a bursting aura!</small></div><div class="spacer"></div><div>The opposing <span class="battle-nickname-foe" title="Tangrowth">Tangrowth</span> used <strong>Earthquake</strong>!</div><div><small>It's super effective! </small><small><span class="battle-nickname" title="Zekrom">Zekrom</span> lost 56% of its health!</small><br></div><div><small>The opposing <span class="battle-nickname-foe" title="Tangrowth">Tangrowth</span> lost some of its HP!</small></div><div class="spacer"></div><div><small><span class="battle-nickname" title="Zekrom">Zekrom</span> restored a little HP using its Leftovers!</small></div><h2>Turn 15</h2><div class="spacer"></div><div>DR2 withdrew Tangrowth!</div><div class="spacer"></div><div>DR2 sent out Raichu!</div><div><small>The opposing <span class="battle-nickname-foe" title="Raichu">Raichu</span> floats in the air with its Air Balloon!</small></div><div class="spacer"></div><div><span class="battle-nickname" title="Zekrom">Zekrom</span> used <strong>Dragon Claw</strong>!</div><div><small>The opposing <span class="battle-nickname-foe" title="Raichu">Raichu</span> lost 62% of its health!</small><br></div><div><small>The opposing <span class="battle-nickname-foe" title="Raichu">Raichu</span>'s Air Balloon popped!</small></div><div class="spacer"></div><div><small><span class="battle-nickname" title="Zekrom">Zekrom</span> restored a little HP using its Leftovers!</small></div><h2>Turn 16</h2><div class="spacer"></div><div><span class="battle-nickname" title="Zekrom">Zekrom</span>, come back!</div><div class="spacer"></div><div>Go! Electrode!</div><div class="spacer"></div><div>The opposing <span class="battle-nickname-foe" title="Raichu">Raichu</span> used <strong>Thunderbolt</strong>!</div><div><small>It's not very effective... </small><small><span class="battle-nickname" title="Electrode">Electrode</span> lost 21% of its health!</small><br></div><h2>Turn 17</h2><div class="spacer"></div><div><span class="battle-nickname" title="Electrode">Electrode</span> used <strong>Foul Play</strong>!</div><div><small>The opposing <span class="battle-nickname-foe" title="Raichu">Raichu</span> lost 28% of its health!</small><br></div><div class="spacer"></div><div>The opposing <span class="battle-nickname-foe" title="Raichu">Raichu</span> used <strong>Thunderbolt</strong>!</div><div><small>It's not very effective... </small><small><span class="battle-nickname" title="Electrode">Electrode</span> lost 21% of its health!</small><br></div><h2>Turn 18</h2><div class="spacer"></div><div>DR2 withdrew Raichu!</div><div class="spacer"></div><div>DR2 sent out Malamar!</div><div><small>The opposing <span class="battle-nickname-foe" title="Malamar">Malamar</span> was caught in a sticky web!</small></div><div><small>The opposing <span class="battle-nickname-foe" title="Malamar">Malamar</span>'s Speed rose! </small></div><div class="spacer"></div><div><span class="battle-nickname" title="Electrode">Electrode</span> used <strong>Foul Play</strong>!</div><div><small>The opposing <span class="battle-nickname-foe" title="Malamar">Malamar</span> lost 24% of its health!</small><br></div><h2>Turn 19</h2><div class="spacer"></div><div><span class="battle-nickname" title="Electrode">Electrode</span> used <strong>Thunderbolt</strong>!</div><div><small>The opposing <span class="battle-nickname-foe" title="Malamar">Malamar</span> lost 35% of its health!</small><br></div><div class="spacer"></div><div>The opposing <span class="battle-nickname-foe" title="Malamar">Malamar</span> used <strong>Superpower</strong>!</div><div><small><span class="battle-nickname" title="Electrode">Electrode</span> lost 13% of its health!</small><br></div><div><small>[<span class="battle-nickname" title="Electrode">Electrode</span>'s Aftermath!]</small></div><div><small>The opposing <span class="battle-nickname-foe" title="Malamar">Malamar</span> is hurt!</small></div><div><small>The opposing <span class="battle-nickname-foe" title="Malamar">Malamar</span>'s Attack rose! The opposing <span class="battle-nickname-foe" title="Malamar">Malamar</span>'s Defense rose! </small></div><div><small>The opposing <span class="battle-nickname-foe" title="Malamar">Malamar</span> lost some of its HP!</small></div><div class="spacer"></div><div><span class="battle-nickname" title="Electrode">Electrode</span> fainted!</div><div class="spacer"></div><div>Go! Delphox!</div><h2>Turn 20</h2><div class="spacer"></div><div>DR2 withdrew Malamar!</div><div class="spacer"></div><div>DR2 sent out Raichu!</div><div><small>The opposing <span class="battle-nickname-foe" title="Raichu">Raichu</span> was caught in a sticky web!</small></div><div><small>The opposing <span class="battle-nickname-foe" title="Raichu">Raichu</span>'s Speed fell! </small></div><div class="spacer"></div><div><span class="battle-nickname" title="Delphox">Delphox</span> used <strong>Shadow Ball</strong>!</div><div><small>The opposing <span class="battle-nickname-foe" title="Raichu">Raichu</span> lost 10% of its health!</small><br></div><div class="spacer"></div><div>The opposing <span class="battle-nickname-foe" title="Raichu">Raichu</span> fainted!</div><div class="spacer"></div><div>DR2 sent out Tangrowth!</div><div><small>The opposing <span class="battle-nickname-foe" title="Tangrowth">Tangrowth</span> was caught in a sticky web!</small></div><div><small>The opposing <span class="battle-nickname-foe" title="Tangrowth">Tangrowth</span>'s Speed fell! </small></div><h2>Turn 21</h2><div class="spacer"></div><div><span class="battle-nickname" title="Delphox">Delphox</span>, come back!</div><div class="spacer"></div><div>Go! Zekrom!</div><div><small>[<span class="battle-nickname" title="Zekrom">Zekrom</span>'s Teravolt!]</small></div><div><small><span class="battle-nickname" title="Zekrom">Zekrom</span> is radiating a bursting aura!</small></div><div class="spacer"></div><div>The opposing <span class="battle-nickname-foe" title="Tangrowth">Tangrowth</span> used <strong>Knock Off</strong>!</div><div><small><span class="battle-nickname" title="Zekrom">Zekrom</span> lost 27% of its health!</small><br></div><div><small>The opposing <span class="battle-nickname-foe" title="Tangrowth">Tangrowth</span> knocked off <span class="battle-nickname" title="Zekrom">Zekrom</span>'s Leftovers!</small></div><div><small>The opposing <span class="battle-nickname-foe" title="Tangrowth">Tangrowth</span> lost some of its HP!</small></div><h2>Turn 22</h2><div class="spacer"></div><div><span class="battle-nickname" title="Zekrom">Zekrom</span> used <strong>Dragon Claw</strong>!</div><div><small>The opposing <span class="battle-nickname-foe" title="Tangrowth">Tangrowth</span> lost 29% of its health!</small><br></div><div class="spacer"></div><div>The opposing <span class="battle-nickname-foe" title="Tangrowth">Tangrowth</span> used <strong>Sleep Powder</strong>!</div><div><small><span class="battle-nickname" title="Zekrom">Zekrom</span> fell asleep!</small></div><h2>Turn 23</h2><div class="spacer"></div><div>DR2 withdrew Tangrowth!</div><div class="spacer"></div><div>DR2 sent out Malamar!</div><div><small>The opposing <span class="battle-nickname-foe" title="Malamar">Malamar</span> was caught in a sticky web!</small></div><div><small>The opposing <span class="battle-nickname-foe" title="Malamar">Malamar</span>'s Speed rose! </small></div><div class="spacer"></div><div><span class="battle-nickname" title="Zekrom">Zekrom</span> is fast asleep.</div><h2>Turn 24</h2><div class="spacer"></div><div><span class="battle-nickname" title="Zekrom">Zekrom</span> is fast asleep.</div><div class="spacer"></div><div>The opposing <span class="battle-nickname-foe" title="Malamar">Malamar</span> used <strong>Trick Room</strong>!</div><div><small>The opposing <span class="battle-nickname-foe" title="Malamar">Malamar</span> twisted the dimensions!</small></div><h2>Turn 25</h2><div class="spacer"></div><div><small><span class="battle-nickname" title="Zekrom">Zekrom</span> woke up!</small></div><div class="spacer"></div><div><span class="battle-nickname" title="Zekrom">Zekrom</span> used <strong>Dragon Claw</strong>!</div><div><small>The opposing <span class="battle-nickname-foe" title="Malamar">Malamar</span> lost 7% of its health!</small><br></div><div class="spacer"></div><div>The opposing <span class="battle-nickname-foe" title="Malamar">Malamar</span> fainted!</div><div class="spacer"></div><div>DR2 sent out Tangrowth!</div><div><small>The opposing <span class="battle-nickname-foe" title="Tangrowth">Tangrowth</span> was caught in a sticky web!</small></div><div><small>The opposing <span class="battle-nickname-foe" title="Tangrowth">Tangrowth</span>'s Speed fell! </small></div><h2>Turn 26</h2><div class="chat chatmessage-dr2"><strong style="color:hsl(276,72.0254152%,54.0508304%);"><small>☆</small><span class="username" data-name="DR2">DR2</span>:</strong> <em>gg</em></div><div class="spacer"></div><div>The opposing <span class="battle-nickname-foe" title="Tangrowth">Tangrowth</span> used <strong>Earthquake</strong>!</div><div><small>It's super effective! </small><small><span class="battle-nickname" title="Zekrom">Zekrom</span> lost 28% of its health!</small><br></div><div><small>The opposing <span class="battle-nickname-foe" title="Tangrowth">Tangrowth</span> lost some of its HP!</small></div><div class="spacer"></div><div><span class="battle-nickname" title="Zekrom">Zekrom</span> fainted!</div><div class="spacer"></div><div>Go! Delphox!</div><h2>Turn 27</h2><div class="spacer"></div><div>The opposing <span class="battle-nickname-foe" title="Tangrowth">Tangrowth</span> used <strong>Earthquake</strong>!</div><div><small>It's super effective! </small><small><span class="battle-nickname" title="Delphox">Delphox</span> lost 16% of its health!</small><br></div><div><small>The opposing <span class="battle-nickname-foe" title="Tangrowth">Tangrowth</span> lost some of its HP!</small></div><div class="spacer"></div><div><span class="battle-nickname" title="Delphox">Delphox</span> fainted!</div><div class="spacer"></div><div>DR2 won the battle!</div><div class="chat">EquaIsNotFunny's rating: 1602 → <strong>1579</strong><br>(-23 for losing)</div><div class="chat">DR2's rating: 1550 → <strong>1573</strong><br>(+23 for winning)</div></div></div>
</div>
<script>
var daily = Math.floor(Date.now()/1000/60/60/24);document.write('<script src="https://play.pokemonshowdown.com/js/replay-embed.js?version'+daily+'"></'+'script>');
</script>
