<!DOCTYPE html>
<meta charset="utf-8" />
<!-- version 1 -->
<title>[Gen 7] Random Battle replay: subcultural icon vs. Lioti</title>
<style>
html,body {font-family:Verdana, sans-serif;font-size:10pt;margin:0;padding:0;}body{padding:12px 0;} .battle-log {font-family:Verdana, sans-serif;font-size:10pt;} .battle-log-inline {border:1px solid #AAAAAA;background:#EEF2F5;color:black;max-width:640px;margin:0 auto 80px;padding-bottom:5px;} .battle-log .inner {padding:4px 8px 0px 8px;} .battle-log .inner-preempt {padding:0 8px 4px 8px;} .battle-log .inner-after {margin-top:0.5em;} .battle-log h2 {margin:0.5em -8px;padding:4px 8px;border:1px solid #AAAAAA;background:#E0E7EA;border-left:0;border-right:0;font-family:Verdana, sans-serif;font-size:13pt;} .battle-log .chat {vertical-align:middle;padding:3px 0 3px 0;font-size:8pt;} .battle-log .chat strong {color:#40576A;} .battle-log .chat em {padding:1px 4px 1px 3px;color:#000000;font-style:normal;} .chat.mine {background:rgba(0,0,0,0.05);margin-left:-8px;margin-right:-8px;padding-left:8px;padding-right:8px;} .spoiler {color:#BBBBBB;background:#BBBBBB;padding:0px 3px;} .spoiler:hover, .spoiler:active, .spoiler-shown {color:#000000;background:#E2E2E2;padding:0px 3px;} .spoiler a {color:#BBBBBB;} .spoiler:hover a, .spoiler:active a, .spoiler-shown a {color:#2288CC;} .chat code, .chat .spoiler:hover code, .chat .spoiler:active code, .chat .spoiler-shown code {border:1px solid #C0C0C0;background:#EEEEEE;color:black;padding:0 2px;} .chat .spoiler code {border:1px solid #CCCCCC;background:#CCCCCC;color:#CCCCCC;} .battle-log .rated {padding:3px 4px;} .battle-log .rated strong {color:white;background:#89A;padding:1px 4px;border-radius:4px;} .spacer {margin-top:0.5em;} .message-announce {background:#6688AA;color:white;padding:1px 4px 2px;} .message-announce a, .broadcast-green a, .broadcast-blue a, .broadcast-red a {color:#DDEEFF;} .broadcast-green {background-color:#559955;color:white;padding:2px 4px;} .broadcast-blue {background-color:#6688AA;color:white;padding:2px 4px;} .infobox {border:1px solid #6688AA;padding:2px 4px;} .infobox-limited {max-height:200px;overflow:auto;overflow-x:hidden;} .broadcast-red {background-color:#AA5544;color:white;padding:2px 4px;} .message-learn-canlearn {font-weight:bold;color:#228822;text-decoration:underline;} .message-learn-cannotlearn {font-weight:bold;color:#CC2222;text-decoration:underline;} .message-effect-weak {font-weight:bold;color:#CC2222;} .message-effect-resist {font-weight:bold;color:#6688AA;} .message-effect-immune {font-weight:bold;color:#666666;} .message-learn-list {margin-top:0;margin-bottom:0;} .message-throttle-notice, .message-error {color:#992222;} .message-overflow, .chat small.message-overflow {font-size:0pt;} .message-overflow::before {font-size:9pt;content:'...';} .subtle {color:#3A4A66;}
</style>
<div class="wrapper replay-wrapper" style="max-width:1180px;margin:0 auto">
<input type="hidden" name="replayid" value="gen7randombattle-566895464" />
<div class="battle"></div><div class="battle-log"></div><div class="replay-controls"></div><div class="replay-controls-2"></div>
<h1 style="font-weight:normal;text-align:center"><strong>[Gen 7] Random Battle</strong><br /><a href="http://pokemonshowdown.com/users/subculturalicon" class="subtle" target="_blank">subcultural icon</a> vs. <a href="http://pokemonshowdown.com/users/lioti" class="subtle" target="_blank">Lioti</a></h1>
<script type="text/plain" class="battle-log-data">|j|subcultural icon
|j|Lioti
|player|p1|subcultural icon|189
|player|p2|Lioti|165
|gametype|singles
|gen|7
|tier|[Gen 7] Random Battle
|rated
|seed|24011,10097,27186,39184,26044,5015,55666,54153,48309,46943,57176,12565
|rule|Sleep Clause Mod: Limit one foe put to sleep
|rule|HP Percentage Mod: HP is shown in percentages
|
|start
|switch|p1a: Gyarados|Gyarados, L75, F|100\/100
|switch|p2a: Shuckle|Shuckle, L79, M|100\/100
|-ability|p1a: Gyarados|Intimidate|boost
|-unboost|p2a: Shuckle|atk|1
|turn|1
|choice|move substitute|move stealthrock
|
|move|p1a: Gyarados|Substitute|p1a: Gyarados
|-start|p1a: Gyarados|Substitute
|-damage|p1a: Gyarados|76\/100
|move|p2a: Shuckle|Stealth Rock|p1a: Gyarados
|-sidestart|p1: subcultural icon|move: Stealth Rock
|
|upkeep
|turn|2
|choice|move waterfall|move infestation
|
|move|p1a: Gyarados|Waterfall|p2a: Shuckle
|-supereffective|p2a: Shuckle
|-damage|p2a: Shuckle|48\/100
|cant|p2a: Shuckle|flinch
|
|-heal|p2a: Shuckle|55\/100|[from] item: Leftovers
|upkeep
|turn|3
|choice|move waterfall mega|switch 3
|
|switch|p2a: Slowbro|Slowbro, L76, M|100\/100
|detailschange|p1a: Gyarados|Gyarados-Mega, L75, F
|-mega|p1a: Gyarados|Gyarados|Gyaradosite
|-ability|p1a: Gyarados|Mold Breaker
|move|p1a: Gyarados|Waterfall|p2a: Slowbro
|-resisted|p2a: Slowbro
|-damage|p2a: Slowbro|82\/100
|
|upkeep
|turn|4
|choice|move earthquake|move slackoff mega
|
|detailschange|p2a: Slowbro|Slowbro-Mega, L76, M
|-mega|p2a: Slowbro|Slowbro|Slowbronite
|move|p1a: Gyarados|Earthquake|p2a: Slowbro
|-damage|p2a: Slowbro|64\/100
|move|p2a: Slowbro|Slack Off|p2a: Slowbro
|-heal|p2a: Slowbro|100\/100
|
|upkeep
|turn|5
|choice|move icefang|move scald
|
|move|p1a: Gyarados|Ice Fang|p2a: Slowbro
|-resisted|p2a: Slowbro
|-damage|p2a: Slowbro|95\/100
|move|p2a: Slowbro|Scald|p1a: Gyarados
|-resisted|p1a: Gyarados
|-activate|p1a: Gyarados|move: Substitute|[damage]
|
|upkeep
|turn|6
|choice|move icefang|move scald
|
|move|p1a: Gyarados|Ice Fang|p2a: Slowbro
|-resisted|p2a: Slowbro
|-damage|p2a: Slowbro|88\/100
|move|p2a: Slowbro|Scald|p1a: Gyarados
|-resisted|p1a: Gyarados
|-end|p1a: Gyarados|Substitute
|
|upkeep
|turn|7
|choice|move substitute|move scald
|
|move|p1a: Gyarados|Substitute|p1a: Gyarados
|-start|p1a: Gyarados|Substitute
|-damage|p1a: Gyarados|51\/100
|move|p2a: Slowbro|Scald|p1a: Gyarados
|-resisted|p1a: Gyarados
|-activate|p1a: Gyarados|move: Substitute|[damage]
|
|upkeep
|turn|8
|choice|move icefang|move scald
|
|move|p1a: Gyarados|Ice Fang|p2a: Slowbro
|-resisted|p2a: Slowbro
|-damage|p2a: Slowbro|81\/100
|move|p2a: Slowbro|Scald|p1a: Gyarados
|-resisted|p1a: Gyarados
|-end|p1a: Gyarados|Substitute
|
|upkeep
|turn|9
|choice|switch 4|move scald
|
|switch|p1a: Volbeat|Volbeat, L79, M|100\/100
|-damage|p1a: Volbeat|76\/100|[from] Stealth Rock
|move|p2a: Slowbro|Scald|p1a: Volbeat
|-damage|p1a: Volbeat|33\/100
|-status|p1a: Volbeat|brn
|
|-heal|p1a: Volbeat|39\/100 brn|[from] item: Leftovers
|-damage|p1a: Volbeat|33\/100 brn|[from] brn
|upkeep
|turn|10
|choice|move bugbuzz|switch 4
|
|switch|p2a: Gligar|Gligar, L79, F|100\/100
|move|p1a: Volbeat|Bug Buzz|p2a: Gligar
|-resisted|p2a: Gligar
|-damage|p2a: Gligar|91\/100
|
|-heal|p1a: Volbeat|39\/100 brn|[from] item: Leftovers
|-damage|p1a: Volbeat|33\/100 brn|[from] brn
|upkeep
|turn|11
|choice|move tailwind|move earthquake
|
|move|p1a: Volbeat|Tailwind|p1a: Volbeat
|-sidestart|p1: subcultural icon|move: Tailwind
|move|p2a: Gligar|Earthquake|p1a: Volbeat
|-resisted|p1a: Volbeat
|-damage|p1a: Volbeat|13\/100 brn
|
|-heal|p1a: Volbeat|19\/100 brn|[from] item: Leftovers
|-damage|p1a: Volbeat|13\/100 brn|[from] brn
|upkeep
|turn|12
|choice|move encore|move earthquake
|
|move|p1a: Volbeat|Encore|p2a: Gligar
|-start|p2a: Gligar|Encore
|move|p2a: Gligar|Earthquake|p1a: Volbeat
|-resisted|p1a: Volbeat
|-damage|p1a: Volbeat|0 fnt
|faint|p1a: Volbeat
|
|upkeep
|choice|switch 5|
|
|switch|p1a: Dragonite|Dragonite, L76, F|100\/100
|-damage|p1a: Dragonite|76\/100|[from] Stealth Rock
|turn|13
|choice|move dragondance|switch 4
|
|switch|p2a: Slowbro|Slowbro-Mega, L76, M|81\/100
|move|p1a: Dragonite|Dragon Dance|p1a: Dragonite
|-boost|p1a: Dragonite|atk|1
|-boost|p1a: Dragonite|spe|1
|
|upkeep
|turn|14
|choice|move outrage|move scald
|
|move|p1a: Dragonite|Outrage|p2a: Slowbro
|-damage|p2a: Slowbro|37\/100
|move|p2a: Slowbro|Scald|p1a: Dragonite
|-resisted|p1a: Dragonite
|-damage|p1a: Dragonite|60\/100
|
|-sideend|p1: subcultural icon|move: Tailwind
|upkeep
|turn|15
|choice|move outrage|move slackoff
|
|move|p1a: Dragonite|Outrage|p2a: Slowbro|[from]lockedmove
|-damage|p2a: Slowbro|0 fnt
|-start|p1a: Dragonite|confusion|[fatigue]
|faint|p2a: Slowbro
|-enditem|p1a: Dragonite|Lum Berry|[eat]
|-end|p1a: Dragonite|confusion
|
|upkeep
|choice||switch 3
|
|switch|p2a: Shuckle|Shuckle, L79, M|55\/100
|turn|16
|choice|move outrage|move encore
|
|move|p1a: Dragonite|Outrage|p2a: Shuckle
|-damage|p2a: Shuckle|0 fnt
|faint|p2a: Shuckle
|
|upkeep
|choice||switch 4
|
|switch|p2a: Gligar|Gligar, L79, F|91\/100
|turn|17
|choice|move outrage|move toxic
|
|move|p1a: Dragonite|Outrage|p2a: Gligar|[from]lockedmove
|-damage|p2a: Gligar|33\/100
|move|p2a: Gligar|Toxic|p1a: Dragonite
|-status|p1a: Dragonite|tox
|
|-damage|p1a: Dragonite|54\/100 tox|[from] psn
|upkeep
|turn|18
|choice|move outrage|move roost
|
|move|p1a: Dragonite|Outrage|p2a: Gligar|[from]lockedmove
|-damage|p2a: Gligar|0 fnt
|-start|p1a: Dragonite|confusion|[fatigue]
|faint|p2a: Gligar
|
|-damage|p1a: Dragonite|42\/100 tox|[from] psn
|upkeep
|choice||switch 2
|
|switch|p2a: Articuno|Articuno, L79|100\/100
|-ability|p2a: Articuno|Pressure
|turn|19
|choice|move outrage|move freezedry
|
|-activate|p1a: Dragonite|confusion
|move|p1a: Dragonite|Outrage|p2a: Articuno
|-damage|p2a: Articuno|34\/100
|move|p2a: Articuno|Freeze-Dry|p1a: Dragonite
|-supereffective|p1a: Dragonite
|-damage|p1a: Dragonite|0 fnt
|faint|p1a: Dragonite
|
|-heal|p2a: Articuno|40\/100|[from] item: Leftovers
|upkeep
|choice|switch 3|
|
|switch|p1a: Purugly|Purugly, L79, M|100\/100
|-damage|p1a: Purugly|88\/100|[from] Stealth Rock
|turn|20
|choice|move fakeout|move roost
|
|move|p1a: Purugly|Fake Out|p2a: Articuno
|-damage|p2a: Articuno|25\/100
|-damage|p1a: Purugly|78\/100|[from] item: Life Orb
|cant|p2a: Articuno|flinch
|
|-heal|p2a: Articuno|31\/100|[from] item: Leftovers
|upkeep
|turn|21
|choice|move return|move roost
|
|move|p1a: Purugly|Return|p2a: Articuno
|-crit|p2a: Articuno
|-damage|p2a: Articuno|0 fnt
|-damage|p1a: Purugly|68\/100|[from] item: Life Orb
|faint|p2a: Articuno
|
|upkeep
|choice||switch 6
|
|switch|p2a: Groudon|Groudon, L73|100\/100
|-weather|SunnyDay|[from] ability: Drought|[of] p2a: Groudon
|turn|22
|choice|move uturn|move rockpolish
|
|move|p1a: Purugly|U-turn|p2a: Groudon
|-damage|p2a: Groudon|85\/100
|-damage|p1a: Purugly|58\/100|[from] item: Life Orb
|choice|switch 2|
|
|switch|p1a: Alomomola|Alomomola, L77, F|100\/100
|-damage|p1a: Alomomola|88\/100|[from] Stealth Rock
|move|p2a: Groudon|Rock Polish|p2a: Groudon
|-boost|p2a: Groudon|spe|2
|
|-weather|SunnyDay|[upkeep]
|-heal|p2a: Groudon|91\/100|[from] item: Leftovers
|-heal|p1a: Alomomola|94\/100|[from] item: Leftovers
|upkeep
|turn|23
|choice|move wish|move precipiceblades
|
|move|p2a: Groudon|Precipice Blades|p1a: Alomomola
|-crit|p1a: Alomomola
|-damage|p1a: Alomomola|33\/100
|move|p1a: Alomomola|Wish|p1a: Alomomola
|
|-weather|SunnyDay|[upkeep]
|-heal|p2a: Groudon|97\/100|[from] item: Leftovers
|-heal|p1a: Alomomola|39\/100|[from] item: Leftovers
|upkeep
|turn|24
|choice|move protect|move toxic
|
|move|p1a: Alomomola|Protect|p1a: Alomomola
|-singleturn|p1a: Alomomola|Protect
|move|p2a: Groudon|Toxic|p1a: Alomomola
|-activate|p1a: Alomomola|move: Protect
|
|-weather|SunnyDay|[upkeep]
|-heal|p1a: Alomomola|89\/100|[from] move: Wish|[wisher] Alomomola
|-heal|p2a: Groudon|100\/100|[from] item: Leftovers
|-heal|p1a: Alomomola|95\/100|[from] item: Leftovers
|upkeep
|turn|25
|choice|move wish|move precipiceblades
|
|move|p2a: Groudon|Precipice Blades|p1a: Alomomola
|-damage|p1a: Alomomola|53\/100
|move|p1a: Alomomola|Wish|p1a: Alomomola
|
|-weather|SunnyDay|[upkeep]
|-heal|p1a: Alomomola|59\/100|[from] item: Leftovers
|upkeep
|turn|26
|choice|move scald|move toxic
|
|move|p2a: Groudon|Toxic|p1a: Alomomola
|-status|p1a: Alomomola|tox
|move|p1a: Alomomola|Scald|p2a: Groudon
|-supereffective|p2a: Groudon
|-damage|p2a: Groudon|84\/100
|
|-weather|none
|-heal|p1a: Alomomola|100\/100 tox|[from] move: Wish|[wisher] Alomomola
|-heal|p2a: Groudon|90\/100|[from] item: Leftovers
|-damage|p1a: Alomomola|94\/100 tox|[from] psn
|upkeep
|turn|27
|choice|move wish|move precipiceblades
|
|move|p2a: Groudon|Precipice Blades|p1a: Alomomola|[miss]
|-miss|p2a: Groudon|p1a: Alomomola
|move|p1a: Alomomola|Wish|p1a: Alomomola
|
|-heal|p2a: Groudon|96\/100|[from] item: Leftovers
|-heal|p1a: Alomomola|100\/100 tox|[from] item: Leftovers
|-damage|p1a: Alomomola|88\/100 tox|[from] psn
|upkeep
|turn|28
|choice|move scald|switch 5
|
|switch|p2a: Heatmor|Heatmor, L79, M|100\/100
|move|p1a: Alomomola|Scald|p2a: Heatmor
|-supereffective|p2a: Heatmor
|-damage|p2a: Heatmor|59\/100
|
|-heal|p1a: Alomomola|100\/100 tox|[from] move: Wish|[wisher] Alomomola
|-damage|p1a: Alomomola|82\/100 tox|[from] psn
|upkeep
|turn|29
|choice|switch 2|move gigadrain
|
|switch|p1a: Purugly|Purugly, L79, M|58\/100
|-damage|p1a: Purugly|46\/100|[from] Stealth Rock
|move|p2a: Heatmor|Giga Drain|p1a: Purugly
|-damage|p1a: Purugly|6\/100
|-heal|p2a: Heatmor|77\/100|[from] drain|[of] p1a: Purugly
|-damage|p2a: Heatmor|67\/100|[from] item: Life Orb
|
|upkeep
|turn|30
|choice|move return|move suckerpunch
|
|move|p2a: Heatmor|Sucker Punch|p1a: Purugly
|-damage|p1a: Purugly|0 fnt
|-damage|p2a: Heatmor|58\/100|[from] item: Life Orb
|faint|p1a: Purugly
|
|upkeep
|choice|switch 4|
|
|switch|p1a: Gyarados|Gyarados-Mega, L75, F|51\/100
|-damage|p1a: Gyarados|38\/100|[from] Stealth Rock
|-ability|p1a: Gyarados|Mold Breaker
|turn|31
|choice|move waterfall|move suckerpunch
|
|move|p2a: Heatmor|Sucker Punch|p1a: Gyarados
|-resisted|p1a: Gyarados
|-damage|p1a: Gyarados|27\/100
|-damage|p2a: Heatmor|48\/100|[from] item: Life Orb
|move|p1a: Gyarados|Waterfall|p2a: Heatmor
|-supereffective|p2a: Heatmor
|-damage|p2a: Heatmor|0 fnt
|faint|p2a: Heatmor
|
|upkeep
|choice||switch 5
|
|switch|p2a: Groudon|Groudon, L73|96\/100
|-weather|SunnyDay|[from] ability: Drought|[of] p2a: Groudon
|turn|32
|choice|move icefang|move precipiceblades
|
|move|p2a: Groudon|Precipice Blades|p1a: Gyarados
|-damage|p1a: Gyarados|0 fnt
|faint|p1a: Gyarados
|
|-weather|SunnyDay|[upkeep]
|-heal|p2a: Groudon|100\/100|[from] item: Leftovers
|upkeep
|choice|switch 6|
|
|switch|p1a: Golem|Golem, L79, F|100\/100
|-damage|p1a: Golem|94\/100|[from] Stealth Rock
|turn|33
|choice|move earthquake|move precipiceblades
|
|move|p2a: Groudon|Precipice Blades|p1a: Golem
|-supereffective|p1a: Golem
|-damage|p1a: Golem|10\/100
|move|p1a: Golem|Earthquake|p2a: Groudon
|-damage|p2a: Groudon|68\/100
|
|-weather|SunnyDay|[upkeep]
|-heal|p2a: Groudon|74\/100|[from] item: Leftovers
|upkeep
|turn|34
|choice|move explosion|move firepunch
|-enditem|p1a: Golem|Custap Berry|[eat]
|-activate|p1a: Golem|item: Custap Berry
|
|move|p1a: Golem|Explosion|p2a: Groudon
|-crit|p2a: Groudon
|-damage|p2a: Groudon|0 fnt
|faint|p1a: Golem
|faint|p2a: Groudon
|
|win|subcultural icon
|c|☆subcultural icon|gg
|raw|subcultural icon's rating: 1384 &rarr; <strong>1408<\/strong><br \/>(+24 for winning)
|raw|Lioti's rating: 1448 &rarr; <strong>1425<\/strong><br \/>(-23 for losing)
|l|Lioti</script>
</div>
<div class="battle-log battle-log-inline"><div class="inner"><div class="chat"><small>subcultural icon joined.</small></div><div class="chat"><small>Lioti joined.</small></div><div style="padding:5px 0"><small>Format:</small> <br><strong>[Gen 7] Random Battle</strong></div><div class="rated"><strong>Rated battle</strong></div><div><small><em>Sleep Clause Mod:</em> Limit one foe put to sleep</small></div><div><small><em>HP Percentage Mod:</em> HP is shown in percentages</small></div><div>Battle between subcultural icon and Lioti started!</div><div class="spacer"></div><div>Go! Gyarados!</div><div class="spacer"></div><div>Lioti sent out Shuckle!</div><div><small>[<span class="battle-nickname" title="Gyarados">Gyarados</span>'s Intimidate!]</small></div><div><small>The opposing <span class="battle-nickname-foe" title="Shuckle">Shuckle</span>'s Attack fell! </small></div><h2>Turn 1</h2><div class="spacer"></div><div><span class="battle-nickname" title="Gyarados">Gyarados</span> used <strong>Substitute</strong>!</div><div><small><span class="battle-nickname" title="Gyarados">Gyarados</span> put in a substitute!</small></div><div><small><span class="battle-nickname" title="Gyarados">Gyarados</span> lost 24% of its health!</small><br></div><div class="spacer"></div><div>The opposing <span class="battle-nickname-foe" title="Shuckle">Shuckle</span> used <strong>Stealth Rock</strong>!</div><div><small>Pointed stones float in the air around your team!</small></div><h2>Turn 2</h2><div class="spacer"></div><div><span class="battle-nickname" title="Gyarados">Gyarados</span> used <strong>Waterfall</strong>!</div><div><small>It's super effective! </small><small>The opposing <span class="battle-nickname-foe" title="Shuckle">Shuckle</span> lost 52% of its health!</small><br></div><div class="spacer"></div><div>The opposing <span class="battle-nickname-foe" title="Shuckle">Shuckle</span> flinched and couldn't move!</div><div class="spacer"></div><div><small>The opposing <span class="battle-nickname-foe" title="Shuckle">Shuckle</span> restored a little HP using its Leftovers!</small></div><h2>Turn 3</h2><div class="spacer"></div><div>Lioti withdrew Shuckle!</div><div class="spacer"></div><div>Lioti sent out Slowbro!</div><div class="spacer"></div><div><small><span class="battle-nickname" title="Gyarados-Mega">Gyarados</span>'s Gyaradosite is reacting to subcultural icon's Mega Bracelet!<br><span class="battle-nickname" title="Gyarados-Mega">Gyarados</span> has Mega Evolved into Mega Gyarados!</small></div><div><small>[<span class="battle-nickname" title="Gyarados-Mega">Gyarados</span>'s Mold Breaker!]</small></div><div><small><span class="battle-nickname" title="Gyarados-Mega">Gyarados</span> breaks the mold!</small></div><div class="spacer"></div><div><span class="battle-nickname" title="Gyarados-Mega">Gyarados</span> used <strong>Waterfall</strong>!</div><div><small>It's not very effective... </small><small>The opposing <span class="battle-nickname-foe" title="Slowbro">Slowbro</span> lost 18% of its health!</small><br></div><h2>Turn 4</h2><div class="spacer"></div><div><small>The opposing <span class="battle-nickname-foe" title="Slowbro-Mega">Slowbro</span>'s Slowbronite is reacting to Lioti's Mega Bracelet!<br>The opposing <span class="battle-nickname-foe" title="Slowbro-Mega">Slowbro</span> has Mega Evolved into Mega Slowbro!</small></div><div class="spacer"></div><div><span class="battle-nickname" title="Gyarados-Mega">Gyarados</span> used <strong>Earthquake</strong>!</div><div><small>The opposing <span class="battle-nickname-foe" title="Slowbro-Mega">Slowbro</span> lost 18% of its health!</small><br></div><div class="spacer"></div><div>The opposing <span class="battle-nickname-foe" title="Slowbro-Mega">Slowbro</span> used <strong>Slack Off</strong>!</div><div><small>The opposing <span class="battle-nickname-foe" title="Slowbro-Mega">Slowbro</span> restored its HP.</small></div><h2>Turn 5</h2><div class="spacer"></div><div><span class="battle-nickname" title="Gyarados-Mega">Gyarados</span> used <strong>Ice Fang</strong>!</div><div><small>It's not very effective... </small><small>The opposing <span class="battle-nickname-foe" title="Slowbro-Mega">Slowbro</span> lost 5% of its health!</small><br></div><div class="spacer"></div><div>The opposing <span class="battle-nickname-foe" title="Slowbro-Mega">Slowbro</span> used <strong>Scald</strong>!</div><div><small>It's not very effective... The substitute took damage for <span class="battle-nickname" title="Gyarados-Mega">Gyarados</span>!</small></div><h2>Turn 6</h2><div class="spacer"></div><div><span class="battle-nickname" title="Gyarados-Mega">Gyarados</span> used <strong>Ice Fang</strong>!</div><div><small>It's not very effective... </small><small>The opposing <span class="battle-nickname-foe" title="Slowbro-Mega">Slowbro</span> lost 7% of its health!</small><br></div><div class="spacer"></div><div>The opposing <span class="battle-nickname-foe" title="Slowbro-Mega">Slowbro</span> used <strong>Scald</strong>!</div><div><small>It's not very effective... <span class="battle-nickname" title="Gyarados-Mega">Gyarados</span>'s substitute faded!</small></div><h2>Turn 7</h2><div class="spacer"></div><div><span class="battle-nickname" title="Gyarados-Mega">Gyarados</span> used <strong>Substitute</strong>!</div><div><small><span class="battle-nickname" title="Gyarados-Mega">Gyarados</span> put in a substitute!</small></div><div><small><span class="battle-nickname" title="Gyarados-Mega">Gyarados</span> lost 25% of its health!</small><br></div><div class="spacer"></div><div>The opposing <span class="battle-nickname-foe" title="Slowbro-Mega">Slowbro</span> used <strong>Scald</strong>!</div><div><small>It's not very effective... The substitute took damage for <span class="battle-nickname" title="Gyarados-Mega">Gyarados</span>!</small></div><h2>Turn 8</h2><div class="spacer"></div><div><span class="battle-nickname" title="Gyarados-Mega">Gyarados</span> used <strong>Ice Fang</strong>!</div><div><small>It's not very effective... </small><small>The opposing <span class="battle-nickname-foe" title="Slowbro-Mega">Slowbro</span> lost 7% of its health!</small><br></div><div class="spacer"></div><div>The opposing <span class="battle-nickname-foe" title="Slowbro-Mega">Slowbro</span> used <strong>Scald</strong>!</div><div><small>It's not very effective... <span class="battle-nickname" title="Gyarados-Mega">Gyarados</span>'s substitute faded!</small></div><h2>Turn 9</h2><div class="spacer"></div><div><span class="battle-nickname" title="Gyarados-Mega">Gyarados</span>, come back!</div><div class="spacer"></div><div>Go! Volbeat!</div><div><small>Pointed stones dug into <span class="battle-nickname" title="Volbeat">Volbeat</span>!</small></div><div class="spacer"></div><div>The opposing <span class="battle-nickname-foe" title="Slowbro-Mega">Slowbro</span> used <strong>Scald</strong>!</div><div><small><span class="battle-nickname" title="Volbeat">Volbeat</span> lost 43% of its health!</small><br></div><div><small><span class="battle-nickname" title="Volbeat">Volbeat</span> was burned!</small></div><div class="spacer"></div><div><small><span class="battle-nickname" title="Volbeat">Volbeat</span> restored a little HP using its Leftovers!</small></div><div><small><span class="battle-nickname" title="Volbeat">Volbeat</span> was hurt by its burn!</small></div><h2>Turn 10</h2><div class="spacer"></div><div>Lioti withdrew <span class="battle-nickname-foe" title="Slowbro-Mega">Slowbro <small>(Slowbro-Mega)</small></span>!</div><div class="spacer"></div><div>Lioti sent out Gligar!</div><div class="spacer"></div><div><span class="battle-nickname" title="Volbeat">Volbeat</span> used <strong>Bug Buzz</strong>!</div><div><small>It's not very effective... </small><small>The opposing <span class="battle-nickname-foe" title="Gligar">Gligar</span> lost 9% of its health!</small><br></div><div class="spacer"></div><div><small><span class="battle-nickname" title="Volbeat">Volbeat</span> restored a little HP using its Leftovers!</small></div><div><small><span class="battle-nickname" title="Volbeat">Volbeat</span> was hurt by its burn!</small></div><h2>Turn 11</h2><div class="spacer"></div><div><span class="battle-nickname" title="Volbeat">Volbeat</span> used <strong>Tailwind</strong>!</div><div><small>The Tailwind blew from behind your team!</small></div><div class="spacer"></div><div>The opposing <span class="battle-nickname-foe" title="Gligar">Gligar</span> used <strong>Earthquake</strong>!</div><div><small>It's not very effective... </small><small><span class="battle-nickname" title="Volbeat">Volbeat</span> lost 20% of its health!</small><br></div><div class="spacer"></div><div><small><span class="battle-nickname" title="Volbeat">Volbeat</span> restored a little HP using its Leftovers!</small></div><div><small><span class="battle-nickname" title="Volbeat">Volbeat</span> was hurt by its burn!</small></div><h2>Turn 12</h2><div class="spacer"></div><div><span class="battle-nickname" title="Volbeat">Volbeat</span> used <strong>Encore</strong>!</div><div><small>The opposing <span class="battle-nickname-foe" title="Gligar">Gligar</span> received an encore!</small></div><div class="spacer"></div><div>The opposing <span class="battle-nickname-foe" title="Gligar">Gligar</span> used <strong>Earthquake</strong>!</div><div><small>It's not very effective... </small><small><span class="battle-nickname" title="Volbeat">Volbeat</span> lost 13% of its health!</small><br></div><div class="spacer"></div><div><span class="battle-nickname" title="Volbeat">Volbeat</span> fainted!</div><div class="spacer"></div><div>Go! Dragonite!</div><div><small>Pointed stones dug into <span class="battle-nickname" title="Dragonite">Dragonite</span>!</small></div><h2>Turn 13</h2><div class="spacer"></div><div>Lioti withdrew Gligar!</div><div class="spacer"></div><div>Lioti sent out <span class="battle-nickname-foe" title="Slowbro-Mega">Slowbro <small>(Slowbro-Mega)</small></span>!</div><div class="spacer"></div><div><span class="battle-nickname" title="Dragonite">Dragonite</span> used <strong>Dragon Dance</strong>!</div><div><small><span class="battle-nickname" title="Dragonite">Dragonite</span>'s Attack rose! <span class="battle-nickname" title="Dragonite">Dragonite</span>'s Speed rose! </small></div><h2>Turn 14</h2><div class="spacer"></div><div><span class="battle-nickname" title="Dragonite">Dragonite</span> used <strong>Outrage</strong>!</div><div><small>The opposing <span class="battle-nickname-foe" title="Slowbro-Mega">Slowbro</span> lost 44% of its health!</small><br></div><div class="spacer"></div><div>The opposing <span class="battle-nickname-foe" title="Slowbro-Mega">Slowbro</span> used <strong>Scald</strong>!</div><div><small>It's not very effective... </small><small><span class="battle-nickname" title="Dragonite">Dragonite</span> lost 16% of its health!</small><br></div><div class="spacer"></div><div><small>Your team's Tailwind petered out!</small></div><h2>Turn 15</h2><div class="spacer"></div><div><span class="battle-nickname" title="Dragonite">Dragonite</span> used <strong>Outrage</strong>!</div><div><small>The opposing <span class="battle-nickname-foe" title="Slowbro-Mega">Slowbro</span> lost 37% of its health!</small><br></div><div><small><span class="battle-nickname" title="Dragonite">Dragonite</span> became confused due to fatigue!</small></div><div class="spacer"></div><div>The opposing <span class="battle-nickname-foe" title="Slowbro-Mega">Slowbro</span> fainted!</div><div><small><span class="battle-nickname" title="Dragonite">Dragonite</span> ate its Lum Berry!</small></div><div><small><span class="battle-nickname" title="Dragonite">Dragonite</span> snapped out of its confusion.</small></div><div class="spacer"></div><div>Lioti sent out Shuckle!</div><h2>Turn 16</h2><div class="spacer"></div><div><span class="battle-nickname" title="Dragonite">Dragonite</span> used <strong>Outrage</strong>!</div><div><small>The opposing <span class="battle-nickname-foe" title="Shuckle">Shuckle</span> lost 55% of its health!</small><br></div><div class="spacer"></div><div>The opposing <span class="battle-nickname-foe" title="Shuckle">Shuckle</span> fainted!</div><div class="spacer"></div><div>Lioti sent out Gligar!</div><h2>Turn 17</h2><div class="spacer"></div><div><span class="battle-nickname" title="Dragonite">Dragonite</span> used <strong>Outrage</strong>!</div><div><small>The opposing <span class="battle-nickname-foe" title="Gligar">Gligar</span> lost 58% of its health!</small><br></div><div class="spacer"></div><div>The opposing <span class="battle-nickname-foe" title="Gligar">Gligar</span> used <strong>Toxic</strong>!</div><div><small><span class="battle-nickname" title="Dragonite">Dragonite</span> was badly poisoned!</small></div><div class="spacer"></div><div><small><span class="battle-nickname" title="Dragonite">Dragonite</span> was hurt by poison!</small></div><h2>Turn 18</h2><div class="spacer"></div><div><span class="battle-nickname" title="Dragonite">Dragonite</span> used <strong>Outrage</strong>!</div><div><small>The opposing <span class="battle-nickname-foe" title="Gligar">Gligar</span> lost 33% of its health!</small><br></div><div><small><span class="battle-nickname" title="Dragonite">Dragonite</span> became confused due to fatigue!</small></div><div class="spacer"></div><div>The opposing <span class="battle-nickname-foe" title="Gligar">Gligar</span> fainted!</div><div class="spacer"></div><div><small><span class="battle-nickname" title="Dragonite">Dragonite</span> was hurt by poison!</small></div><div class="spacer"></div><div>Lioti sent out Articuno!</div><div><small>[Opposing <span class="battle-nickname-foe" title="Articuno">Articuno</span>'s Pressure!]</small></div><div><small>The opposing <span class="battle-nickname-foe" title="Articuno">Articuno</span> is exerting its pressure!</small></div><h2>Turn 19</h2><div class="spacer"></div><div><small><span class="battle-nickname" title="Dragonite">Dragonite</span> is confused!</small></div><div class="spacer"></div><div><span class="battle-nickname" title="Dragonite">Dragonite</span> used <strong>Outrage</strong>!</div><div><small>The opposing <span class="battle-nickname-foe" title="Articuno">Articuno</span> lost 66% of its health!</small><br></div><div class="spacer"></div><div>The opposing <span class="battle-nickname-foe" title="Articuno">Articuno</span> used <strong>Freeze-Dry</strong>!</div><div><small>It's super effective! </small><small><span class="battle-nickname" title="Dragonite">Dragonite</span> lost 42% of its health!</small><br></div><div class="spacer"></div><div><span class="battle-nickname" title="Dragonite">Dragonite</span> fainted!</div><div class="spacer"></div><div><small>The opposing <span class="battle-nickname-foe" title="Articuno">Articuno</span> restored a little HP using its Leftovers!</small></div><div class="spacer"></div><div>Go! Purugly!</div><div><small>Pointed stones dug into <span class="battle-nickname" title="Purugly">Purugly</span>!</small></div><h2>Turn 20</h2><div class="spacer"></div><div><span class="battle-nickname" title="Purugly">Purugly</span> used <strong>Fake Out</strong>!</div><div><small>The opposing <span class="battle-nickname-foe" title="Articuno">Articuno</span> lost 15% of its health!</small><br></div><div><small><span class="battle-nickname" title="Purugly">Purugly</span> lost some of its HP!</small></div><div class="spacer"></div><div>The opposing <span class="battle-nickname-foe" title="Articuno">Articuno</span> flinched and couldn't move!</div><div class="spacer"></div><div><small>The opposing <span class="battle-nickname-foe" title="Articuno">Articuno</span> restored a little HP using its Leftovers!</small></div><h2>Turn 21</h2><div class="spacer"></div><div><span class="battle-nickname" title="Purugly">Purugly</span> used <strong>Return</strong>!</div><div><small>A critical hit! </small><small>The opposing <span class="battle-nickname-foe" title="Articuno">Articuno</span> lost 31% of its health!</small><br></div><div><small><span class="battle-nickname" title="Purugly">Purugly</span> lost some of its HP!</small></div><div class="spacer"></div><div>The opposing <span class="battle-nickname-foe" title="Articuno">Articuno</span> fainted!</div><div class="spacer"></div><div>Lioti sent out Groudon!</div><div><small>[Opposing <span class="battle-nickname-foe" title="Groudon">Groudon</span>'s Drought!]</small></div><div><small>The sunlight turned harsh!</small></div><h2>Turn 22</h2><div class="spacer"></div><div><span class="battle-nickname" title="Purugly">Purugly</span> used <strong>U-turn</strong>!</div><div><small>The opposing <span class="battle-nickname-foe" title="Groudon">Groudon</span> lost 15% of its health!</small><br></div><div><small><span class="battle-nickname" title="Purugly">Purugly</span> lost some of its HP!</small></div><div class="spacer"></div><div><span class="battle-nickname" title="Purugly">Purugly</span> went back to subcultural icon!</div><div class="spacer"></div><div>Go! Alomomola!</div><div><small>Pointed stones dug into <span class="battle-nickname" title="Alomomola">Alomomola</span>!</small></div><div class="spacer"></div><div>The opposing <span class="battle-nickname-foe" title="Groudon">Groudon</span> used <strong>Rock Polish</strong>!</div><div><small>The opposing <span class="battle-nickname-foe" title="Groudon">Groudon</span>'s Speed rose sharply! </small></div><div class="spacer"></div><div><small>The opposing <span class="battle-nickname-foe" title="Groudon">Groudon</span> restored a little HP using its Leftovers!</small></div><div><small><span class="battle-nickname" title="Alomomola">Alomomola</span> restored a little HP using its Leftovers!</small></div><h2>Turn 23</h2><div class="spacer"></div><div>The opposing <span class="battle-nickname-foe" title="Groudon">Groudon</span> used <strong>Precipice Blades</strong>!</div><div><small>A critical hit! </small><small><span class="battle-nickname" title="Alomomola">Alomomola</span> lost 61% of its health!</small><br></div><div class="spacer"></div><div><span class="battle-nickname" title="Alomomola">Alomomola</span> used <strong>Wish</strong>!</div><div class="spacer"></div><div><small>The opposing <span class="battle-nickname-foe" title="Groudon">Groudon</span> restored a little HP using its Leftovers!</small></div><div><small><span class="battle-nickname" title="Alomomola">Alomomola</span> restored a little HP using its Leftovers!</small></div><h2>Turn 24</h2><div class="spacer"></div><div><span class="battle-nickname" title="Alomomola">Alomomola</span> used <strong>Protect</strong>!</div><div><small><span class="battle-nickname" title="Alomomola">Alomomola</span> protected itself!</small></div><div class="spacer"></div><div>The opposing <span class="battle-nickname-foe" title="Groudon">Groudon</span> used <strong>Toxic</strong>!</div><div><small><span class="battle-nickname" title="Alomomola">Alomomola</span> protected itself!</small></div><div class="spacer"></div><div><small>Alomomola's wish came true!</small></div><div><small>The opposing <span class="battle-nickname-foe" title="Groudon">Groudon</span> restored a little HP using its Leftovers!</small></div><div><small><span class="battle-nickname" title="Alomomola">Alomomola</span> restored a little HP using its Leftovers!</small></div><h2>Turn 25</h2><div class="spacer"></div><div>The opposing <span class="battle-nickname-foe" title="Groudon">Groudon</span> used <strong>Precipice Blades</strong>!</div><div><small><span class="battle-nickname" title="Alomomola">Alomomola</span> lost 42% of its health!</small><br></div><div class="spacer"></div><div><span class="battle-nickname" title="Alomomola">Alomomola</span> used <strong>Wish</strong>!</div><div class="spacer"></div><div><small><span class="battle-nickname" title="Alomomola">Alomomola</span> restored a little HP using its Leftovers!</small></div><h2>Turn 26</h2><div class="spacer"></div><div>The opposing <span class="battle-nickname-foe" title="Groudon">Groudon</span> used <strong>Toxic</strong>!</div><div><small><span class="battle-nickname" title="Alomomola">Alomomola</span> was badly poisoned!</small></div><div class="spacer"></div><div><span class="battle-nickname" title="Alomomola">Alomomola</span> used <strong>Scald</strong>!</div><div><small>It's super effective! </small><small>The opposing <span class="battle-nickname-foe" title="Groudon">Groudon</span> lost 16% of its health!</small><br></div><div class="spacer"></div><div><small>The sunlight faded.</small></div><div><small>Alomomola's wish came true!</small></div><div><small>The opposing <span class="battle-nickname-foe" title="Groudon">Groudon</span> restored a little HP using its Leftovers!</small></div><div><small><span class="battle-nickname" title="Alomomola">Alomomola</span> was hurt by poison!</small></div><h2>Turn 27</h2><div class="spacer"></div><div>The opposing <span class="battle-nickname-foe" title="Groudon">Groudon</span> used <strong>Precipice Blades</strong>!</div><div><small><span class="battle-nickname" title="Alomomola">Alomomola</span> avoided the attack!</small></div><div class="spacer"></div><div><span class="battle-nickname" title="Alomomola">Alomomola</span> used <strong>Wish</strong>!</div><div class="spacer"></div><div><small>The opposing <span class="battle-nickname-foe" title="Groudon">Groudon</span> restored a little HP using its Leftovers!</small></div><div><small><span class="battle-nickname" title="Alomomola">Alomomola</span> restored a little HP using its Leftovers!</small></div><div><small><span class="battle-nickname" title="Alomomola">Alomomola</span> was hurt by poison!</small></div><h2>Turn 28</h2><div class="spacer"></div><div>Lioti withdrew Groudon!</div><div class="spacer"></div><div>Lioti sent out Heatmor!</div><div class="spacer"></div><div><span class="battle-nickname" title="Alomomola">Alomomola</span> used <strong>Scald</strong>!</div><div><small>It's super effective! </small><small>The opposing <span class="battle-nickname-foe" title="Heatmor">Heatmor</span> lost 41% of its health!</small><br></div><div class="spacer"></div><div><small>Alomomola's wish came true!</small></div><div><small><span class="battle-nickname" title="Alomomola">Alomomola</span> was hurt by poison!</small></div><h2>Turn 29</h2><div class="spacer"></div><div><span class="battle-nickname" title="Alomomola">Alomomola</span>, come back!</div><div class="spacer"></div><div>Go! Purugly!</div><div><small>Pointed stones dug into <span class="battle-nickname" title="Purugly">Purugly</span>!</small></div><div class="spacer"></div><div>The opposing <span class="battle-nickname-foe" title="Heatmor">Heatmor</span> used <strong>Giga Drain</strong>!</div><div><small><span class="battle-nickname" title="Purugly">Purugly</span> lost 40% of its health!</small><br></div><div><small><span class="battle-nickname" title="Purugly">Purugly</span> had its energy drained!</small></div><div><small>The opposing <span class="battle-nickname-foe" title="Heatmor">Heatmor</span> lost some of its HP!</small></div><h2>Turn 30</h2><div class="spacer"></div><div>The opposing <span class="battle-nickname-foe" title="Heatmor">Heatmor</span> used <strong>Sucker Punch</strong>!</div><div><small><span class="battle-nickname" title="Purugly">Purugly</span> lost 6% of its health!</small><br></div><div><small>The opposing <span class="battle-nickname-foe" title="Heatmor">Heatmor</span> lost some of its HP!</small></div><div class="spacer"></div><div><span class="battle-nickname" title="Purugly">Purugly</span> fainted!</div><div class="spacer"></div><div>Go! <span class="battle-nickname" title="Gyarados-Mega">Gyarados <small>(Gyarados-Mega)</small></span>!</div><div><small>Pointed stones dug into <span class="battle-nickname" title="Gyarados-Mega">Gyarados</span>!</small></div><div><small>[<span class="battle-nickname" title="Gyarados-Mega">Gyarados</span>'s Mold Breaker!]</small></div><div><small><span class="battle-nickname" title="Gyarados-Mega">Gyarados</span> breaks the mold!</small></div><h2>Turn 31</h2><div class="spacer"></div><div>The opposing <span class="battle-nickname-foe" title="Heatmor">Heatmor</span> used <strong>Sucker Punch</strong>!</div><div><small>It's not very effective... </small><small><span class="battle-nickname" title="Gyarados-Mega">Gyarados</span> lost 11% of its health!</small><br></div><div><small>The opposing <span class="battle-nickname-foe" title="Heatmor">Heatmor</span> lost some of its HP!</small></div><div class="spacer"></div><div><span class="battle-nickname" title="Gyarados-Mega">Gyarados</span> used <strong>Waterfall</strong>!</div><div><small>It's super effective! </small><small>The opposing <span class="battle-nickname-foe" title="Heatmor">Heatmor</span> lost 48% of its health!</small><br></div><div class="spacer"></div><div>The opposing <span class="battle-nickname-foe" title="Heatmor">Heatmor</span> fainted!</div><div class="spacer"></div><div>Lioti sent out Groudon!</div><div><small>[Opposing <span class="battle-nickname-foe" title="Groudon">Groudon</span>'s Drought!]</small></div><div><small>The sunlight turned harsh!</small></div><h2>Turn 32</h2><div class="spacer"></div><div>The opposing <span class="battle-nickname-foe" title="Groudon">Groudon</span> used <strong>Precipice Blades</strong>!</div><div><small><span class="battle-nickname" title="Gyarados-Mega">Gyarados</span> lost 27% of its health!</small><br></div><div class="spacer"></div><div><span class="battle-nickname" title="Gyarados-Mega">Gyarados</span> fainted!</div><div class="spacer"></div><div><small>The opposing <span class="battle-nickname-foe" title="Groudon">Groudon</span> restored a little HP using its Leftovers!</small></div><div class="spacer"></div><div>Go! Golem!</div><div><small>Pointed stones dug into <span class="battle-nickname" title="Golem">Golem</span>!</small></div><h2>Turn 33</h2><div class="spacer"></div><div>The opposing <span class="battle-nickname-foe" title="Groudon">Groudon</span> used <strong>Precipice Blades</strong>!</div><div><small>It's super effective! </small><small><span class="battle-nickname" title="Golem">Golem</span> lost 84% of its health!</small><br></div><div class="spacer"></div><div><span class="battle-nickname" title="Golem">Golem</span> used <strong>Earthquake</strong>!</div><div><small>The opposing <span class="battle-nickname-foe" title="Groudon">Groudon</span> lost 32% of its health!</small><br></div><div class="spacer"></div><div><small>The opposing <span class="battle-nickname-foe" title="Groudon">Groudon</span> restored a little HP using its Leftovers!</small></div><h2>Turn 34</h2><div class="spacer"></div><div><small><span class="battle-nickname" title="Golem">Golem</span> ate its Custap Berry!</small></div><div><small><span class="battle-nickname" title="Golem">Golem</span>'s Custap Berry let it move first!</small></div><div class="spacer"></div><div><span class="battle-nickname" title="Golem">Golem</span> used <strong>Explosion</strong>!</div><div><small>A critical hit! </small><small>The opposing <span class="battle-nickname-foe" title="Groudon">Groudon</span> lost 74% of its health!</small><br></div><div class="spacer"></div><div><span class="battle-nickname" title="Golem">Golem</span> fainted!</div><div class="spacer"></div><div>The opposing <span class="battle-nickname-foe" title="Groudon">Groudon</span> fainted!</div><div class="spacer"></div><div>subcultural icon won the battle!</div><div class="chat chatmessage-subculturalicon"><strong style="color:hsl(11,45.59252%,44.40748%);"><small>☆</small><span class="username" data-name="subcultural icon">subcultural icon</span>:</strong> <em>gg</em></div><div class="chat">subcultural icon's rating: 1384 → <strong>1408</strong><br>(+24 for winning)</div><div class="chat">Lioti's rating: 1448 → <strong>1425</strong><br>(-23 for losing)</div><div class="chat"><small>Lioti left.</small></div></div></div>
</div>
<script>
var daily = Math.floor(Date.now()/1000/60/60/24);document.write('<script src="https://play.pokemonshowdown.com/js/replay-embed.js?version'+daily+'"></'+'script>');
</script>
