<!DOCTYPE html>
<meta charset="utf-8" />
<!-- version 1 -->
<title>[Gen 7] Random Battle replay: lukedoge33 vs. Me247</title>
<style>
html,body {font-family:Verdana, sans-serif;font-size:10pt;margin:0;padding:0;}body{padding:12px 0;} .battle-log {font-family:Verdana, sans-serif;font-size:10pt;} .battle-log-inline {border:1px solid #AAAAAA;background:#EEF2F5;color:black;max-width:640px;margin:0 auto 80px;padding-bottom:5px;} .battle-log .inner {padding:4px 8px 0px 8px;} .battle-log .inner-preempt {padding:0 8px 4px 8px;} .battle-log .inner-after {margin-top:0.5em;} .battle-log h2 {margin:0.5em -8px;padding:4px 8px;border:1px solid #AAAAAA;background:#E0E7EA;border-left:0;border-right:0;font-family:Verdana, sans-serif;font-size:13pt;} .battle-log .chat {vertical-align:middle;padding:3px 0 3px 0;font-size:8pt;} .battle-log .chat strong {color:#40576A;} .battle-log .chat em {padding:1px 4px 1px 3px;color:#000000;font-style:normal;} .chat.mine {background:rgba(0,0,0,0.05);margin-left:-8px;margin-right:-8px;padding-left:8px;padding-right:8px;} .spoiler {color:#BBBBBB;background:#BBBBBB;padding:0px 3px;} .spoiler:hover, .spoiler:active, .spoiler-shown {color:#000000;background:#E2E2E2;padding:0px 3px;} .spoiler a {color:#BBBBBB;} .spoiler:hover a, .spoiler:active a, .spoiler-shown a {color:#2288CC;} .chat code, .chat .spoiler:hover code, .chat .spoiler:active code, .chat .spoiler-shown code {border:1px solid #C0C0C0;background:#EEEEEE;color:black;padding:0 2px;} .chat .spoiler code {border:1px solid #CCCCCC;background:#CCCCCC;color:#CCCCCC;} .battle-log .rated {padding:3px 4px;} .battle-log .rated strong {color:white;background:#89A;padding:1px 4px;border-radius:4px;} .spacer {margin-top:0.5em;} .message-announce {background:#6688AA;color:white;padding:1px 4px 2px;} .message-announce a, .broadcast-green a, .broadcast-blue a, .broadcast-red a {color:#DDEEFF;} .broadcast-green {background-color:#559955;color:white;padding:2px 4px;} .broadcast-blue {background-color:#6688AA;color:white;padding:2px 4px;} .infobox {border:1px solid #6688AA;padding:2px 4px;} .infobox-limited {max-height:200px;overflow:auto;overflow-x:hidden;} .broadcast-red {background-color:#AA5544;color:white;padding:2px 4px;} .message-learn-canlearn {font-weight:bold;color:#228822;text-decoration:underline;} .message-learn-cannotlearn {font-weight:bold;color:#CC2222;text-decoration:underline;} .message-effect-weak {font-weight:bold;color:#CC2222;} .message-effect-resist {font-weight:bold;color:#6688AA;} .message-effect-immune {font-weight:bold;color:#666666;} .message-learn-list {margin-top:0;margin-bottom:0;} .message-throttle-notice, .message-error {color:#992222;} .message-overflow, .chat small.message-overflow {font-size:0pt;} .message-overflow::before {font-size:9pt;content:'...';} .subtle {color:#3A4A66;}
</style>
<div class="wrapper replay-wrapper" style="max-width:1180px;margin:0 auto">
<input type="hidden" name="replayid" value="gen7randombattle-566942785" />
<div class="battle"></div><div class="battle-log"></div><div class="replay-controls"></div><div class="replay-controls-2"></div>
<h1 style="font-weight:normal;text-align:center"><strong>[Gen 7] Random Battle</strong><br /><a href="http://pokemonshowdown.com/users/lukedoge33" class="subtle" target="_blank">lukedoge33</a> vs. <a href="http://pokemonshowdown.com/users/me247" class="subtle" target="_blank">Me247</a></h1>
<script type="text/plain" class="battle-log-data">|j|lukedoge33
|j|Me247
|player|p1|lukedoge33|170
|player|p2|Me247|101
|gametype|singles
|gen|7
|tier|[Gen 7] Random Battle
|rated
|seed|41107,51410,6690,32397,22080,40311,32270,19689,32148,38235,15997,5072
|rule|Sleep Clause Mod: Limit one foe put to sleep
|rule|HP Percentage Mod: HP is shown in percentages
|
|start
|switch|p1a: Ursaring|Ursaring, L79, M|100\/100
|switch|p2a: Relicanth|Relicanth, L79, F|100\/100
|turn|1
|choice|move swordsdance|move stealthrock
|
|move|p2a: Relicanth|Stealth Rock|p1a: Ursaring
|-sidestart|p1: lukedoge33|move: Stealth Rock
|move|p1a: Ursaring|Swords Dance|p1a: Ursaring
|-boost|p1a: Ursaring|atk|2
|
|-status|p1a: Ursaring|brn|[from] item: Flame Orb
|upkeep
|turn|2
|choice|move closecombat|move waterfall
|
|move|p2a: Relicanth|Waterfall|p1a: Ursaring
|-damage|p1a: Ursaring|70\/100 brn
|move|p1a: Ursaring|Close Combat|p2a: Relicanth
|-supereffective|p2a: Relicanth
|-damage|p2a: Relicanth|0 fnt
|-unboost|p1a: Ursaring|def|1
|-unboost|p1a: Ursaring|spd|1
|faint|p2a: Relicanth
|
|-damage|p1a: Ursaring|64\/100 brn|[from] brn
|upkeep
|choice||switch 6
|
|switch|p2a: Crustle|Crustle, L79, F|100\/100
|turn|3
|choice|switch 4|switch 5
|
|switch|p1a: Latios|Latios, L75, M|100\/100
|-damage|p1a: Latios|88\/100|[from] Stealth Rock
|switch|p2a: Whimsicott|Whimsicott, L79, F|100\/100
|
|upkeep
|turn|4
|choice|move trick|move moonblast
|
|move|p2a: Whimsicott|Moonblast|p1a: Latios
|-supereffective|p1a: Latios
|-damage|p1a: Latios|31\/100
|-unboost|p1a: Latios|spa|1
|move|p1a: Latios|Trick|p2a: Whimsicott
|-activate|p1a: Latios|move: Trick|[of] p2a: Whimsicott
|-item|p2a: Whimsicott|Choice Specs|[from] move: Trick
|-item|p1a: Latios|Leftovers|[from] move: Trick
|
|-heal|p1a: Latios|37\/100|[from] item: Leftovers
|upkeep
|turn|5
|choice|switch 3|move moonblast
|
|switch|p1a: Registeel|Registeel, L79|100\/100
|-damage|p1a: Registeel|94\/100|[from] Stealth Rock
|move|p2a: Whimsicott|Moonblast|p1a: Registeel
|-resisted|p1a: Registeel
|-damage|p1a: Registeel|80\/100
|
|-heal|p1a: Registeel|86\/100|[from] item: Leftovers
|upkeep
|turn|6
|choice|move curse|switch 4
|
|switch|p2a: Phione|Phione, L79|100\/100
|move|p1a: Registeel|Curse|p1a: Registeel
|-unboost|p1a: Registeel|spe|1
|-boost|p1a: Registeel|atk|1
|-boost|p1a: Registeel|def|1
|
|-heal|p1a: Registeel|93\/100|[from] item: Leftovers
|upkeep
|turn|7
|choice|move curse|move scald
|
|move|p2a: Phione|Scald|p1a: Registeel
|-damage|p1a: Registeel|74\/100
|move|p1a: Registeel|Curse|p1a: Registeel
|-unboost|p1a: Registeel|spe|1
|-boost|p1a: Registeel|atk|1
|-boost|p1a: Registeel|def|1
|
|-heal|p1a: Registeel|80\/100|[from] item: Leftovers
|upkeep
|turn|8
|choice|move ironhead|move scald
|
|move|p2a: Phione|Scald|p1a: Registeel
|-damage|p1a: Registeel|61\/100
|move|p1a: Registeel|Iron Head|p2a: Phione
|-resisted|p2a: Phione
|-damage|p2a: Phione|75\/100
|
|-heal|p1a: Registeel|68\/100|[from] item: Leftovers
|upkeep
|turn|9
|choice|move curse|move scald
|
|move|p2a: Phione|Scald|p1a: Registeel
|-damage|p1a: Registeel|50\/100
|move|p1a: Registeel|Curse|p1a: Registeel
|-unboost|p1a: Registeel|spe|1
|-boost|p1a: Registeel|atk|1
|-boost|p1a: Registeel|def|1
|
|-heal|p1a: Registeel|56\/100|[from] item: Leftovers
|upkeep
|turn|10
|choice|move curse|move scald
|
|move|p2a: Phione|Scald|p1a: Registeel
|-crit|p1a: Registeel
|-damage|p1a: Registeel|29\/100
|-status|p1a: Registeel|brn
|move|p1a: Registeel|Curse|p1a: Registeel
|-unboost|p1a: Registeel|spe|1
|-boost|p1a: Registeel|atk|1
|-boost|p1a: Registeel|def|1
|
|-heal|p1a: Registeel|36\/100 brn|[from] item: Leftovers
|-damage|p1a: Registeel|29\/100 brn|[from] brn
|upkeep
|turn|11
|choice|move rest|move scald
|
|move|p2a: Phione|Scald|p1a: Registeel
|-damage|p1a: Registeel|9\/100 brn
|move|p1a: Registeel|Rest|p1a: Registeel
|-status|p1a: Registeel|slp
|-heal|p1a: Registeel|100\/100 slp|[silent]
|-status|p1a: Registeel|slp|[from] move: Rest
|
|upkeep
|turn|12
|choice|move ironhead|move scald
|
|move|p2a: Phione|Scald|p1a: Registeel
|-damage|p1a: Registeel|84\/100 slp
|cant|p1a: Registeel|slp
|
|-heal|p1a: Registeel|90\/100 slp|[from] item: Leftovers
|upkeep
|turn|13
|choice|move ironhead|move scald
|
|move|p2a: Phione|Scald|p1a: Registeel
|-damage|p1a: Registeel|73\/100 slp
|cant|p1a: Registeel|slp
|
|-heal|p1a: Registeel|79\/100 slp|[from] item: Leftovers
|upkeep
|turn|14
|choice|move ironhead|move scald
|
|move|p2a: Phione|Scald|p1a: Registeel
|-damage|p1a: Registeel|62\/100 slp
|-curestatus|p1a: Registeel|slp|[msg]
|move|p1a: Registeel|Iron Head|p2a: Phione
|-resisted|p2a: Phione
|-damage|p2a: Phione|35\/100
|
|-heal|p1a: Registeel|68\/100|[from] item: Leftovers
|upkeep
|turn|15
|choice|move ironhead|move raindance
|
|move|p2a: Phione|Rain Dance|p2a: Phione
|-weather|RainDance
|move|p1a: Registeel|Iron Head|p2a: Phione
|-resisted|p2a: Phione
|-crit|p2a: Phione
|-damage|p2a: Phione|0 fnt
|faint|p2a: Phione
|
|-weather|RainDance|[upkeep]
|-heal|p1a: Registeel|74\/100|[from] item: Leftovers
|upkeep
|choice||switch 3
|
|switch|p2a: Sawk|Sawk, L79, M|100\/100
|turn|16
|choice|move ironhead|move bulkup
|
|move|p2a: Sawk|Bulk Up|p2a: Sawk
|-boost|p2a: Sawk|atk|1
|-boost|p2a: Sawk|def|1
|move|p1a: Registeel|Iron Head|p2a: Sawk
|-damage|p2a: Sawk|45\/100
|
|-weather|RainDance|[upkeep]
|-heal|p2a: Sawk|51\/100|[from] item: Leftovers
|-heal|p1a: Registeel|81\/100|[from] item: Leftovers
|upkeep
|turn|17
|choice|move ironhead|move closecombat
|
|move|p2a: Sawk|Close Combat|p1a: Registeel
|-supereffective|p1a: Registeel
|-damage|p1a: Registeel|42\/100
|-unboost|p2a: Sawk|def|1
|-unboost|p2a: Sawk|spd|1
|move|p1a: Registeel|Iron Head|p2a: Sawk
|-damage|p2a: Sawk|0 fnt
|faint|p2a: Sawk
|
|-weather|RainDance|[upkeep]
|-heal|p1a: Registeel|49\/100|[from] item: Leftovers
|upkeep
|choice||switch 2
|
|switch|p2a: Tapu Koko|Tapu Koko, L75|100\/100
|-fieldstart|move: Electric Terrain|[from] ability: Electric Surge|[of] p2a: Tapu Koko
|turn|18
|choice|move ironhead|move voltswitch
|
|move|p2a: Tapu Koko|Volt Switch|p1a: Registeel
|-damage|p1a: Registeel|22\/100
|choice||switch 4
|
|switch|p2a: Whimsicott|Whimsicott, L79, F|100\/100
|move|p1a: Registeel|Iron Head|p2a: Whimsicott
|-supereffective|p2a: Whimsicott
|-damage|p2a: Whimsicott|0 fnt
|faint|p2a: Whimsicott
|
|-weather|RainDance|[upkeep]
|-heal|p1a: Registeel|29\/100|[from] item: Leftovers
|upkeep
|choice||switch 4
|
|switch|p2a: Tapu Koko|Tapu Koko, L75|100\/100
|turn|19
|choice|move rest|move voltswitch
|
|move|p2a: Tapu Koko|Volt Switch|p1a: Registeel
|-damage|p1a: Registeel|6\/100
|choice||switch 5
|
|switch|p2a: Crustle|Crustle, L79, F|100\/100
|move|p1a: Registeel|Rest|p1a: Registeel
|-activate|p1a: Registeel|move: Electric Terrain
|-fail|p1a: Registeel
|
|-weather|RainDance|[upkeep]
|-heal|p1a: Registeel|12\/100|[from] item: Leftovers
|upkeep
|turn|20
|choice|move ironhead|move earthquake
|
|move|p2a: Crustle|Earthquake|p1a: Registeel
|-supereffective|p1a: Registeel
|-damage|p1a: Registeel|0 fnt
|faint|p1a: Registeel
|
|-weather|RainDance|[upkeep]
|upkeep
|choice|switch 6|
|
|switch|p1a: Greninja|Greninja, L75, M|100\/100
|-damage|p1a: Greninja|88\/100|[from] Stealth Rock
|turn|21
|choice|move gunkshot|move shellsmash
|
|move|p1a: Greninja|Gunk Shot|p2a: Crustle
|-start|p1a: Greninja|typechange|Poison|[from] Protean
|-resisted|p2a: Crustle
|-damage|p2a: Crustle|77\/100
|-damage|p1a: Greninja|78\/100|[from] item: Life Orb
|move|p2a: Crustle|Shell Smash|p2a: Crustle
|-unboost|p2a: Crustle|def|1
|-unboost|p2a: Crustle|spd|1
|-boost|p2a: Crustle|atk|2
|-boost|p2a: Crustle|spa|2
|-boost|p2a: Crustle|spe|2
|-enditem|p2a: Crustle|White Herb
|-clearnegativeboost|p2a: Crustle|[silent]
|
|-weather|RainDance|[upkeep]
|upkeep
|turn|22
|choice|move darkpulse|move earthquake
|
|move|p2a: Crustle|Earthquake|p1a: Greninja
|-supereffective|p1a: Greninja
|-damage|p1a: Greninja|0 fnt
|faint|p1a: Greninja
|
|-weather|none
|-fieldend|move: Electric Terrain
|upkeep
|choice|switch 2|
|
|switch|p1a: Beedrill|Beedrill, L75, F|100\/100
|-damage|p1a: Beedrill|76\/100|[from] Stealth Rock
|turn|23
|choice|move drillrun mega|move earthquake
|
|detailschange|p1a: Beedrill|Beedrill-Mega, L75, F
|-mega|p1a: Beedrill|Beedrill|Beedrillite
|move|p1a: Beedrill|Drill Run|p2a: Crustle
|-crit|p2a: Crustle
|-damage|p2a: Crustle|44\/100
|move|p2a: Crustle|Earthquake|p1a: Beedrill
|-damage|p1a: Beedrill|0 fnt
|faint|p1a: Beedrill
|
|upkeep
|choice|switch 4|
|
|switch|p1a: Ursaring|Ursaring, L79, M|64\/100 brn
|-damage|p1a: Ursaring|52\/100 brn|[from] Stealth Rock
|turn|24
|choice|move closecombat|move earthquake
|
|move|p2a: Crustle|Earthquake|p1a: Ursaring
|-damage|p1a: Ursaring|0 fnt
|faint|p1a: Ursaring
|
|upkeep
|choice|switch 3|
|
|switch|p1a: Latios|Latios, L75, M|37\/100
|-damage|p1a: Latios|25\/100|[from] Stealth Rock
|turn|25
|choice|move dracometeor|move xscissor
|
|move|p2a: Crustle|X-Scissor|p1a: Latios
|-supereffective|p1a: Latios
|-damage|p1a: Latios|0 fnt
|faint|p1a: Latios
|
|upkeep
|choice|switch 5|
|
|switch|p1a: Shaymin|Shaymin-Sky, L73|100\/100
|-damage|p1a: Shaymin|76\/100|[from] Stealth Rock
|turn|26
|choice|move earthpower|move stoneedge
|
|move|p2a: Crustle|Stone Edge|p1a: Shaymin
|-supereffective|p1a: Shaymin
|-crit|p1a: Shaymin
|-damage|p1a: Shaymin|0 fnt
|faint|p1a: Shaymin
|
|win|Me247
|l|lukedoge33
|c|☆Me247|Gg
|raw|lukedoge33's rating: 1174 &rarr; <strong>1151<\/strong><br \/>(-23 for losing)
|raw|Me247's rating: 1200 &rarr; <strong>1223<\/strong><br \/>(+23 for winning)</script>
</div>
<div class="battle-log battle-log-inline"><div class="inner"><div class="chat"><small>lukedoge33 joined.</small></div><div class="chat"><small>Me247 joined.</small></div><div style="padding:5px 0"><small>Format:</small> <br><strong>[Gen 7] Random Battle</strong></div><div class="rated"><strong>Rated battle</strong></div><div><small><em>Sleep Clause Mod:</em> Limit one foe put to sleep</small></div><div><small><em>HP Percentage Mod:</em> HP is shown in percentages</small></div><div>Battle between lukedoge33 and Me247 started!</div><div class="spacer"></div><div>Go! Ursaring!</div><div class="spacer"></div><div>Me247 sent out Relicanth!</div><h2>Turn 1</h2><div class="spacer"></div><div>The opposing <span class="battle-nickname-foe" title="Relicanth">Relicanth</span> used <strong>Stealth Rock</strong>!</div><div><small>Pointed stones float in the air around your team!</small></div><div class="spacer"></div><div><span class="battle-nickname" title="Ursaring">Ursaring</span> used <strong>Swords Dance</strong>!</div><div><small><span class="battle-nickname" title="Ursaring">Ursaring</span>'s Attack rose sharply! </small></div><div class="spacer"></div><div><small><span class="battle-nickname" title="Ursaring">Ursaring</span> was burned by the Flame Orb!</small></div><h2>Turn 2</h2><div class="spacer"></div><div>The opposing <span class="battle-nickname-foe" title="Relicanth">Relicanth</span> used <strong>Waterfall</strong>!</div><div><small><span class="battle-nickname" title="Ursaring">Ursaring</span> lost 30% of its health!</small><br></div><div class="spacer"></div><div><span class="battle-nickname" title="Ursaring">Ursaring</span> used <strong>Close Combat</strong>!</div><div><small>It's super effective! </small><small>The opposing <span class="battle-nickname-foe" title="Relicanth">Relicanth</span> lost 100% of its health!</small><br></div><div><small><span class="battle-nickname" title="Ursaring">Ursaring</span>'s Defense fell! <span class="battle-nickname" title="Ursaring">Ursaring</span>'s Special Defense fell! </small></div><div class="spacer"></div><div>The opposing <span class="battle-nickname-foe" title="Relicanth">Relicanth</span> fainted!</div><div class="spacer"></div><div><small><span class="battle-nickname" title="Ursaring">Ursaring</span> was hurt by its burn!</small></div><div class="spacer"></div><div>Me247 sent out Crustle!</div><h2>Turn 3</h2><div class="spacer"></div><div><span class="battle-nickname" title="Ursaring">Ursaring</span>, come back!</div><div class="spacer"></div><div>Go! Latios!</div><div><small>Pointed stones dug into <span class="battle-nickname" title="Latios">Latios</span>!</small></div><div class="spacer"></div><div>Me247 withdrew Crustle!</div><div class="spacer"></div><div>Me247 sent out Whimsicott!</div><h2>Turn 4</h2><div class="spacer"></div><div>The opposing <span class="battle-nickname-foe" title="Whimsicott">Whimsicott</span> used <strong>Moonblast</strong>!</div><div><small>It's super effective! </small><small><span class="battle-nickname" title="Latios">Latios</span> lost 57% of its health!</small><br></div><div><small><span class="battle-nickname" title="Latios">Latios</span>'s Special Attack fell! </small></div><div class="spacer"></div><div><span class="battle-nickname" title="Latios">Latios</span> used <strong>Trick</strong>!</div><div><small><span class="battle-nickname" title="Latios">Latios</span> switched items with its target!</small></div><div><small>The opposing <span class="battle-nickname-foe" title="Whimsicott">Whimsicott</span> obtained one Choice Specs.</small></div><div><small><span class="battle-nickname" title="Latios">Latios</span> obtained one Leftovers.</small></div><div class="spacer"></div><div><small><span class="battle-nickname" title="Latios">Latios</span> restored a little HP using its Leftovers!</small></div><h2>Turn 5</h2><div class="spacer"></div><div><span class="battle-nickname" title="Latios">Latios</span>, come back!</div><div class="spacer"></div><div>Go! Registeel!</div><div><small>Pointed stones dug into <span class="battle-nickname" title="Registeel">Registeel</span>!</small></div><div class="spacer"></div><div>The opposing <span class="battle-nickname-foe" title="Whimsicott">Whimsicott</span> used <strong>Moonblast</strong>!</div><div><small>It's not very effective... </small><small><span class="battle-nickname" title="Registeel">Registeel</span> lost 14% of its health!</small><br></div><div class="spacer"></div><div><small><span class="battle-nickname" title="Registeel">Registeel</span> restored a little HP using its Leftovers!</small></div><h2>Turn 6</h2><div class="spacer"></div><div>Me247 withdrew Whimsicott!</div><div class="spacer"></div><div>Me247 sent out Phione!</div><div class="spacer"></div><div><span class="battle-nickname" title="Registeel">Registeel</span> used <strong>Curse</strong>!</div><div><small><span class="battle-nickname" title="Registeel">Registeel</span>'s Speed fell! </small></div><div><small><span class="battle-nickname" title="Registeel">Registeel</span>'s Attack rose! <span class="battle-nickname" title="Registeel">Registeel</span>'s Defense rose! </small></div><div class="spacer"></div><div><small><span class="battle-nickname" title="Registeel">Registeel</span> restored a little HP using its Leftovers!</small></div><h2>Turn 7</h2><div class="spacer"></div><div>The opposing <span class="battle-nickname-foe" title="Phione">Phione</span> used <strong>Scald</strong>!</div><div><small><span class="battle-nickname" title="Registeel">Registeel</span> lost 19% of its health!</small><br></div><div class="spacer"></div><div><span class="battle-nickname" title="Registeel">Registeel</span> used <strong>Curse</strong>!</div><div><small><span class="battle-nickname" title="Registeel">Registeel</span>'s Speed fell! </small></div><div><small><span class="battle-nickname" title="Registeel">Registeel</span>'s Attack rose! <span class="battle-nickname" title="Registeel">Registeel</span>'s Defense rose! </small></div><div class="spacer"></div><div><small><span class="battle-nickname" title="Registeel">Registeel</span> restored a little HP using its Leftovers!</small></div><h2>Turn 8</h2><div class="spacer"></div><div>The opposing <span class="battle-nickname-foe" title="Phione">Phione</span> used <strong>Scald</strong>!</div><div><small><span class="battle-nickname" title="Registeel">Registeel</span> lost 19% of its health!</small><br></div><div class="spacer"></div><div><span class="battle-nickname" title="Registeel">Registeel</span> used <strong>Iron Head</strong>!</div><div><small>It's not very effective... </small><small>The opposing <span class="battle-nickname-foe" title="Phione">Phione</span> lost 25% of its health!</small><br></div><div class="spacer"></div><div><small><span class="battle-nickname" title="Registeel">Registeel</span> restored a little HP using its Leftovers!</small></div><h2>Turn 9</h2><div class="spacer"></div><div>The opposing <span class="battle-nickname-foe" title="Phione">Phione</span> used <strong>Scald</strong>!</div><div><small><span class="battle-nickname" title="Registeel">Registeel</span> lost 18% of its health!</small><br></div><div class="spacer"></div><div><span class="battle-nickname" title="Registeel">Registeel</span> used <strong>Curse</strong>!</div><div><small><span class="battle-nickname" title="Registeel">Registeel</span>'s Speed fell! </small></div><div><small><span class="battle-nickname" title="Registeel">Registeel</span>'s Attack rose! <span class="battle-nickname" title="Registeel">Registeel</span>'s Defense rose! </small></div><div class="spacer"></div><div><small><span class="battle-nickname" title="Registeel">Registeel</span> restored a little HP using its Leftovers!</small></div><h2>Turn 10</h2><div class="spacer"></div><div>The opposing <span class="battle-nickname-foe" title="Phione">Phione</span> used <strong>Scald</strong>!</div><div><small>A critical hit! </small><small><span class="battle-nickname" title="Registeel">Registeel</span> lost 27% of its health!</small><br></div><div><small><span class="battle-nickname" title="Registeel">Registeel</span> was burned!</small></div><div class="spacer"></div><div><span class="battle-nickname" title="Registeel">Registeel</span> used <strong>Curse</strong>!</div><div><small><span class="battle-nickname" title="Registeel">Registeel</span>'s Speed fell! </small></div><div><small><span class="battle-nickname" title="Registeel">Registeel</span>'s Attack rose! <span class="battle-nickname" title="Registeel">Registeel</span>'s Defense rose! </small></div><div class="spacer"></div><div><small><span class="battle-nickname" title="Registeel">Registeel</span> restored a little HP using its Leftovers!</small></div><div><small><span class="battle-nickname" title="Registeel">Registeel</span> was hurt by its burn!</small></div><h2>Turn 11</h2><div class="spacer"></div><div>The opposing <span class="battle-nickname-foe" title="Phione">Phione</span> used <strong>Scald</strong>!</div><div><small><span class="battle-nickname" title="Registeel">Registeel</span> lost 19% of its health!</small><br></div><div class="spacer"></div><div><span class="battle-nickname" title="Registeel">Registeel</span> used <strong>Rest</strong>!</div><div><small><span class="battle-nickname" title="Registeel">Registeel</span> fell asleep!</small></div><div><small><span class="battle-nickname" title="Registeel">Registeel</span> slept and became healthy!</small></div><h2>Turn 12</h2><div class="spacer"></div><div>The opposing <span class="battle-nickname-foe" title="Phione">Phione</span> used <strong>Scald</strong>!</div><div><small><span class="battle-nickname" title="Registeel">Registeel</span> lost 16% of its health!</small><br></div><div class="spacer"></div><div><span class="battle-nickname" title="Registeel">Registeel</span> is fast asleep.</div><div class="spacer"></div><div><small><span class="battle-nickname" title="Registeel">Registeel</span> restored a little HP using its Leftovers!</small></div><h2>Turn 13</h2><div class="spacer"></div><div>The opposing <span class="battle-nickname-foe" title="Phione">Phione</span> used <strong>Scald</strong>!</div><div><small><span class="battle-nickname" title="Registeel">Registeel</span> lost 17% of its health!</small><br></div><div class="spacer"></div><div><span class="battle-nickname" title="Registeel">Registeel</span> is fast asleep.</div><div class="spacer"></div><div><small><span class="battle-nickname" title="Registeel">Registeel</span> restored a little HP using its Leftovers!</small></div><h2>Turn 14</h2><div class="spacer"></div><div>The opposing <span class="battle-nickname-foe" title="Phione">Phione</span> used <strong>Scald</strong>!</div><div><small><span class="battle-nickname" title="Registeel">Registeel</span> lost 17% of its health!</small><br></div><div><small><span class="battle-nickname" title="Registeel">Registeel</span> woke up!</small></div><div class="spacer"></div><div><span class="battle-nickname" title="Registeel">Registeel</span> used <strong>Iron Head</strong>!</div><div><small>It's not very effective... </small><small>The opposing <span class="battle-nickname-foe" title="Phione">Phione</span> lost 40% of its health!</small><br></div><div class="spacer"></div><div><small><span class="battle-nickname" title="Registeel">Registeel</span> restored a little HP using its Leftovers!</small></div><h2>Turn 15</h2><div class="spacer"></div><div>The opposing <span class="battle-nickname-foe" title="Phione">Phione</span> used <strong>Rain Dance</strong>!</div><div><small>It started to rain!</small></div><div class="spacer"></div><div><span class="battle-nickname" title="Registeel">Registeel</span> used <strong>Iron Head</strong>!</div><div><small>It's not very effective... A critical hit! </small><small>The opposing <span class="battle-nickname-foe" title="Phione">Phione</span> lost 35% of its health!</small><br></div><div class="spacer"></div><div>The opposing <span class="battle-nickname-foe" title="Phione">Phione</span> fainted!</div><div class="spacer"></div><div><small><span class="battle-nickname" title="Registeel">Registeel</span> restored a little HP using its Leftovers!</small></div><div class="spacer"></div><div>Me247 sent out Sawk!</div><h2>Turn 16</h2><div class="spacer"></div><div>The opposing <span class="battle-nickname-foe" title="Sawk">Sawk</span> used <strong>Bulk Up</strong>!</div><div><small>The opposing <span class="battle-nickname-foe" title="Sawk">Sawk</span>'s Attack rose! The opposing <span class="battle-nickname-foe" title="Sawk">Sawk</span>'s Defense rose! </small></div><div class="spacer"></div><div><span class="battle-nickname" title="Registeel">Registeel</span> used <strong>Iron Head</strong>!</div><div><small>The opposing <span class="battle-nickname-foe" title="Sawk">Sawk</span> lost 55% of its health!</small><br></div><div class="spacer"></div><div><small>The opposing <span class="battle-nickname-foe" title="Sawk">Sawk</span> restored a little HP using its Leftovers!</small></div><div><small><span class="battle-nickname" title="Registeel">Registeel</span> restored a little HP using its Leftovers!</small></div><h2>Turn 17</h2><div class="spacer"></div><div>The opposing <span class="battle-nickname-foe" title="Sawk">Sawk</span> used <strong>Close Combat</strong>!</div><div><small>It's super effective! </small><small><span class="battle-nickname" title="Registeel">Registeel</span> lost 39% of its health!</small><br></div><div><small>The opposing <span class="battle-nickname-foe" title="Sawk">Sawk</span>'s Defense fell! The opposing <span class="battle-nickname-foe" title="Sawk">Sawk</span>'s Special Defense fell! </small></div><div class="spacer"></div><div><span class="battle-nickname" title="Registeel">Registeel</span> used <strong>Iron Head</strong>!</div><div><small>The opposing <span class="battle-nickname-foe" title="Sawk">Sawk</span> lost 51% of its health!</small><br></div><div class="spacer"></div><div>The opposing <span class="battle-nickname-foe" title="Sawk">Sawk</span> fainted!</div><div class="spacer"></div><div><small><span class="battle-nickname" title="Registeel">Registeel</span> restored a little HP using its Leftovers!</small></div><div class="spacer"></div><div>Me247 sent out Tapu Koko!</div><div><small>[Opposing <span class="battle-nickname-foe" title="Tapu Koko">Tapu Koko</span>'s Electric Surge!]</small></div><div><small>An electric current runs across the battlefield!</small></div><h2>Turn 18</h2><div class="spacer"></div><div>The opposing <span class="battle-nickname-foe" title="Tapu Koko">Tapu Koko</span> used <strong>Volt Switch</strong>!</div><div><small><span class="battle-nickname" title="Registeel">Registeel</span> lost 27% of its health!</small><br></div><div class="spacer"></div><div>The opposing <span class="battle-nickname-foe" title="Tapu Koko">Tapu Koko</span> went back to Me247!</div><div class="spacer"></div><div>Me247 sent out Whimsicott!</div><div class="spacer"></div><div><span class="battle-nickname" title="Registeel">Registeel</span> used <strong>Iron Head</strong>!</div><div><small>It's super effective! </small><small>The opposing <span class="battle-nickname-foe" title="Whimsicott">Whimsicott</span> lost 100% of its health!</small><br></div><div class="spacer"></div><div>The opposing <span class="battle-nickname-foe" title="Whimsicott">Whimsicott</span> fainted!</div><div class="spacer"></div><div><small><span class="battle-nickname" title="Registeel">Registeel</span> restored a little HP using its Leftovers!</small></div><div class="spacer"></div><div>Me247 sent out Tapu Koko!</div><h2>Turn 19</h2><div class="spacer"></div><div>The opposing <span class="battle-nickname-foe" title="Tapu Koko">Tapu Koko</span> used <strong>Volt Switch</strong>!</div><div><small><span class="battle-nickname" title="Registeel">Registeel</span> lost 22% of its health!</small><br></div><div class="spacer"></div><div>The opposing <span class="battle-nickname-foe" title="Tapu Koko">Tapu Koko</span> went back to Me247!</div><div class="spacer"></div><div>Me247 sent out Crustle!</div><div class="spacer"></div><div><span class="battle-nickname" title="Registeel">Registeel</span> used <strong>Rest</strong>!</div><div><small><span class="battle-nickname" title="Registeel">Registeel</span> surrounds itself with electrified terrain!</small></div><div><small>But it failed!</small></div><div class="spacer"></div><div><small><span class="battle-nickname" title="Registeel">Registeel</span> restored a little HP using its Leftovers!</small></div><h2>Turn 20</h2><div class="spacer"></div><div>The opposing <span class="battle-nickname-foe" title="Crustle">Crustle</span> used <strong>Earthquake</strong>!</div><div><small>It's super effective! </small><small><span class="battle-nickname" title="Registeel">Registeel</span> lost 12% of its health!</small><br></div><div class="spacer"></div><div><span class="battle-nickname" title="Registeel">Registeel</span> fainted!</div><div class="spacer"></div><div>Go! Greninja!</div><div><small>Pointed stones dug into <span class="battle-nickname" title="Greninja">Greninja</span>!</small></div><h2>Turn 21</h2><div class="spacer"></div><div><span class="battle-nickname" title="Greninja">Greninja</span> used <strong>Gunk Shot</strong>!</div><div><small>[<span class="battle-nickname" title="Greninja">Greninja</span>'s Protean!]</small></div><div><small><span class="battle-nickname" title="Greninja">Greninja</span> transformed into the Poison type!</small></div><div><small>It's not very effective... </small><small>The opposing <span class="battle-nickname-foe" title="Crustle">Crustle</span> lost 23% of its health!</small><br></div><div><small><span class="battle-nickname" title="Greninja">Greninja</span> lost some of its HP!</small></div><div class="spacer"></div><div>The opposing <span class="battle-nickname-foe" title="Crustle">Crustle</span> used <strong>Shell Smash</strong>!</div><div><small>The opposing <span class="battle-nickname-foe" title="Crustle">Crustle</span>'s Defense fell! The opposing <span class="battle-nickname-foe" title="Crustle">Crustle</span>'s Special Defense fell! </small></div><div><small>The opposing <span class="battle-nickname-foe" title="Crustle">Crustle</span>'s Attack rose sharply! The opposing <span class="battle-nickname-foe" title="Crustle">Crustle</span>'s Special Attack rose sharply! The opposing <span class="battle-nickname-foe" title="Crustle">Crustle</span>'s Speed rose sharply! </small></div><div><small>The opposing <span class="battle-nickname-foe" title="Crustle">Crustle</span> returned its status to normal using its White Herb!</small></div><h2>Turn 22</h2><div class="spacer"></div><div>The opposing <span class="battle-nickname-foe" title="Crustle">Crustle</span> used <strong>Earthquake</strong>!</div><div><small>It's super effective! </small><small><span class="battle-nickname" title="Greninja">Greninja</span> lost 78% of its health!</small><br></div><div class="spacer"></div><div><span class="battle-nickname" title="Greninja">Greninja</span> fainted!</div><div class="spacer"></div><div><small>The rain stopped.</small></div><div><small>The electricity disappeared from the battlefield.</small></div><div class="spacer"></div><div>Go! Beedrill!</div><div><small>Pointed stones dug into <span class="battle-nickname" title="Beedrill">Beedrill</span>!</small></div><h2>Turn 23</h2><div class="spacer"></div><div><small><span class="battle-nickname" title="Beedrill-Mega">Beedrill</span>'s Beedrillite is reacting to lukedoge33's Mega Bracelet!<br><span class="battle-nickname" title="Beedrill-Mega">Beedrill</span> has Mega Evolved into Mega Beedrill!</small></div><div class="spacer"></div><div><span class="battle-nickname" title="Beedrill-Mega">Beedrill</span> used <strong>Drill Run</strong>!</div><div><small>A critical hit! </small><small>The opposing <span class="battle-nickname-foe" title="Crustle">Crustle</span> lost 33% of its health!</small><br></div><div class="spacer"></div><div>The opposing <span class="battle-nickname-foe" title="Crustle">Crustle</span> used <strong>Earthquake</strong>!</div><div><small><span class="battle-nickname" title="Beedrill-Mega">Beedrill</span> lost 76% of its health!</small><br></div><div class="spacer"></div><div><span class="battle-nickname" title="Beedrill-Mega">Beedrill</span> fainted!</div><div class="spacer"></div><div>Go! Ursaring!</div><div><small>Pointed stones dug into <span class="battle-nickname" title="Ursaring">Ursaring</span>!</small></div><h2>Turn 24</h2><div class="spacer"></div><div>The opposing <span class="battle-nickname-foe" title="Crustle">Crustle</span> used <strong>Earthquake</strong>!</div><div><small><span class="battle-nickname" title="Ursaring">Ursaring</span> lost 52% of its health!</small><br></div><div class="spacer"></div><div><span class="battle-nickname" title="Ursaring">Ursaring</span> fainted!</div><div class="spacer"></div><div>Go! Latios!</div><div><small>Pointed stones dug into <span class="battle-nickname" title="Latios">Latios</span>!</small></div><h2>Turn 25</h2><div class="spacer"></div><div>The opposing <span class="battle-nickname-foe" title="Crustle">Crustle</span> used <strong>X-Scissor</strong>!</div><div><small>It's super effective! </small><small><span class="battle-nickname" title="Latios">Latios</span> lost 25% of its health!</small><br></div><div class="spacer"></div><div><span class="battle-nickname" title="Latios">Latios</span> fainted!</div><div class="spacer"></div><div>Go! <span class="battle-nickname" title="Shaymin-Sky">Shaymin <small>(Shaymin-Sky)</small></span>!</div><div><small>Pointed stones dug into <span class="battle-nickname" title="Shaymin-Sky">Shaymin</span>!</small></div><h2>Turn 26</h2><div class="spacer"></div><div>The opposing <span class="battle-nickname-foe" title="Crustle">Crustle</span> used <strong>Stone Edge</strong>!</div><div><small>It's super effective! A critical hit! </small><small><span class="battle-nickname" title="Shaymin-Sky">Shaymin</span> lost 76% of its health!</small><br></div><div class="spacer"></div><div><span class="battle-nickname" title="Shaymin-Sky">Shaymin</span> fainted!</div><div class="spacer"></div><div>Me247 won the battle!</div><div class="chat"><small>lukedoge33 left.</small></div><div class="chat chatmessage-me247"><strong style="color:hsl(124,64.26043999999999%,30.739560000000004%);"><small>☆</small><span class="username" data-name="Me247">Me247</span>:</strong> <em>Gg</em></div><div class="chat">lukedoge33's rating: 1174 → <strong>1151</strong><br>(-23 for losing)</div><div class="chat">Me247's rating: 1200 → <strong>1223</strong><br>(+23 for winning)</div></div></div>
</div>
<script>
var daily = Math.floor(Date.now()/1000/60/60/24);document.write('<script src="https://play.pokemonshowdown.com/js/replay-embed.js?version'+daily+'"></'+'script>');
</script>
