<!DOCTYPE html>
<meta charset="utf-8" />
<!-- version 1 -->
<title>[Gen 7] Random Battle replay: Dona Maxima vs. wifi ghosts</title>
<style>
html,body {font-family:Verdana, sans-serif;font-size:10pt;margin:0;padding:0;}body{padding:12px 0;} .battle-log {font-family:Verdana, sans-serif;font-size:10pt;} .battle-log-inline {border:1px solid #AAAAAA;background:#EEF2F5;color:black;max-width:640px;margin:0 auto 80px;padding-bottom:5px;} .battle-log .inner {padding:4px 8px 0px 8px;} .battle-log .inner-preempt {padding:0 8px 4px 8px;} .battle-log .inner-after {margin-top:0.5em;} .battle-log h2 {margin:0.5em -8px;padding:4px 8px;border:1px solid #AAAAAA;background:#E0E7EA;border-left:0;border-right:0;font-family:Verdana, sans-serif;font-size:13pt;} .battle-log .chat {vertical-align:middle;padding:3px 0 3px 0;font-size:8pt;} .battle-log .chat strong {color:#40576A;} .battle-log .chat em {padding:1px 4px 1px 3px;color:#000000;font-style:normal;} .chat.mine {background:rgba(0,0,0,0.05);margin-left:-8px;margin-right:-8px;padding-left:8px;padding-right:8px;} .spoiler {color:#BBBBBB;background:#BBBBBB;padding:0px 3px;} .spoiler:hover, .spoiler:active, .spoiler-shown {color:#000000;background:#E2E2E2;padding:0px 3px;} .spoiler a {color:#BBBBBB;} .spoiler:hover a, .spoiler:active a, .spoiler-shown a {color:#2288CC;} .chat code, .chat .spoiler:hover code, .chat .spoiler:active code, .chat .spoiler-shown code {border:1px solid #C0C0C0;background:#EEEEEE;color:black;padding:0 2px;} .chat .spoiler code {border:1px solid #CCCCCC;background:#CCCCCC;color:#CCCCCC;} .battle-log .rated {padding:3px 4px;} .battle-log .rated strong {color:white;background:#89A;padding:1px 4px;border-radius:4px;} .spacer {margin-top:0.5em;} .message-announce {background:#6688AA;color:white;padding:1px 4px 2px;} .message-announce a, .broadcast-green a, .broadcast-blue a, .broadcast-red a {color:#DDEEFF;} .broadcast-green {background-color:#559955;color:white;padding:2px 4px;} .broadcast-blue {background-color:#6688AA;color:white;padding:2px 4px;} .infobox {border:1px solid #6688AA;padding:2px 4px;} .infobox-limited {max-height:200px;overflow:auto;overflow-x:hidden;} .broadcast-red {background-color:#AA5544;color:white;padding:2px 4px;} .message-learn-canlearn {font-weight:bold;color:#228822;text-decoration:underline;} .message-learn-cannotlearn {font-weight:bold;color:#CC2222;text-decoration:underline;} .message-effect-weak {font-weight:bold;color:#CC2222;} .message-effect-resist {font-weight:bold;color:#6688AA;} .message-effect-immune {font-weight:bold;color:#666666;} .message-learn-list {margin-top:0;margin-bottom:0;} .message-throttle-notice, .message-error {color:#992222;} .message-overflow, .chat small.message-overflow {font-size:0pt;} .message-overflow::before {font-size:9pt;content:'...';} .subtle {color:#3A4A66;}
</style>
<div class="wrapper replay-wrapper" style="max-width:1180px;margin:0 auto">
<input type="hidden" name="replayid" value="gen7randombattle-566598471" />
<div class="battle"></div><div class="battle-log"></div><div class="replay-controls"></div><div class="replay-controls-2"></div>
<h1 style="font-weight:normal;text-align:center"><strong>[Gen 7] Random Battle</strong><br /><a href="http://pokemonshowdown.com/users/donamaxima" class="subtle" target="_blank">Dona Maxima</a> vs. <a href="http://pokemonshowdown.com/users/wifighosts" class="subtle" target="_blank">wifi ghosts</a></h1>
<script type="text/plain" class="battle-log-data">|j|Dona Maxima
|j|wifi ghosts
|player|p1|Dona Maxima|266
|player|p2|wifi ghosts|265
|gametype|singles
|gen|7
|tier|[Gen 7] Random Battle
|rated
|seed|62312,17459,48877,56326,29922,33925,44501,6685,2144,64577,21078,42445
|rule|Sleep Clause Mod: Limit one foe put to sleep
|rule|HP Percentage Mod: HP is shown in percentages
|
|start
|switch|p1a: Chansey|Chansey, L75, F|100\/100
|switch|p2a: Lilligant|Lilligant, L79, F|100\/100
|turn|1
|choice|move toxic|move sleeppowder
|
|move|p2a: Lilligant|Sleep Powder|p1a: Chansey|[miss]
|-miss|p2a: Lilligant|p1a: Chansey
|move|p1a: Chansey|Toxic|p2a: Lilligant
|-status|p2a: Lilligant|tox
|
|-damage|p2a: Lilligant|94\/100 tox|[from] psn
|upkeep
|turn|2
|choice|move stealthrock|move sleeppowder
|
|move|p2a: Lilligant|Sleep Powder|p1a: Chansey
|-status|p1a: Chansey|slp
|cant|p1a: Chansey|slp
|
|-damage|p2a: Lilligant|82\/100 tox|[from] psn
|upkeep
|turn|3
|choice|move stealthrock|switch 2
|
|switch|p2a: Furret|Furret, L79, F|100\/100
|-item|p1a: Chansey|Eviolite|[from] ability: Frisk|[of] p2a: Furret|[identify]
|cant|p1a: Chansey|slp
|
|upkeep
|turn|4
|choice|switch 4|move doubleedge
|
|-curestatus|p1a: Chansey|slp|[from] ability: Natural Cure
|switch|p1a: Rampardos|Rampardos, L79, M|100\/100
|-ability|p1a: Rampardos|Mold Breaker
|move|p2a: Furret|Double-Edge|p1a: Rampardos
|-resisted|p1a: Rampardos
|-crit|p1a: Rampardos
|-damage|p1a: Rampardos|47\/100
|-damage|p2a: Furret|82\/100|[from] recoil|[of] p1a: Rampardos
|
|upkeep
|turn|5
|choice|move headsmash|switch 4
|
|switch|p2a: Gastrodon|Gastrodon, L79, F|100\/100
|move|p1a: Rampardos|Head Smash|p2a: Gastrodon
|-resisted|p2a: Gastrodon
|-damage|p2a: Gastrodon|45\/100
|-damage|p1a: Rampardos|17\/100|[from] recoil|[of] p2a: Gastrodon
|-damage|p1a: Rampardos|7\/100|[from] item: Life Orb
|
|-heal|p2a: Gastrodon|51\/100|[from] item: Leftovers
|upkeep
|turn|6
|choice|move headsmash|move recover
|
|move|p1a: Rampardos|Head Smash|p2a: Gastrodon|[miss]
|-miss|p1a: Rampardos|p2a: Gastrodon
|move|p2a: Gastrodon|Recover|p2a: Gastrodon
|-heal|p2a: Gastrodon|100\/100
|
|upkeep
|turn|7
|choice|move headsmash|move scald
|
|move|p1a: Rampardos|Head Smash|p2a: Gastrodon|[miss]
|-miss|p1a: Rampardos|p2a: Gastrodon
|move|p2a: Gastrodon|Scald|p1a: Rampardos
|-supereffective|p1a: Rampardos
|-damage|p1a: Rampardos|0 fnt
|faint|p1a: Rampardos
|
|upkeep
|choice|switch 4|
|
|switch|p1a: Chansey|Chansey, L75, F|100\/100
|turn|8
|choice|move toxic|move earthquake
|
|move|p1a: Chansey|Toxic|p2a: Gastrodon
|-status|p2a: Gastrodon|tox
|move|p2a: Gastrodon|Earthquake|p1a: Chansey
|-damage|p1a: Chansey|55\/100
|
|-damage|p2a: Gastrodon|94\/100 tox|[from] psn
|upkeep
|turn|9
|choice|move stealthrock|move earthquake
|
|move|p1a: Chansey|Stealth Rock|p2a: Gastrodon
|-sidestart|p2: wifi ghosts|move: Stealth Rock
|move|p2a: Gastrodon|Earthquake|p1a: Chansey
|-damage|p1a: Chansey|16\/100
|
|-heal|p2a: Gastrodon|100\/100 tox|[from] item: Leftovers
|-damage|p2a: Gastrodon|88\/100 tox|[from] psn
|upkeep
|turn|10
|choice|move seismictoss|move earthquake
|
|move|p1a: Chansey|Seismic Toss|p2a: Gastrodon
|-damage|p2a: Gastrodon|63\/100 tox
|move|p2a: Gastrodon|Earthquake|p1a: Chansey
|-crit|p1a: Chansey
|-damage|p1a: Chansey|0 fnt
|faint|p1a: Chansey
|
|-heal|p2a: Gastrodon|70\/100 tox|[from] item: Leftovers
|-damage|p2a: Gastrodon|51\/100 tox|[from] psn
|upkeep
|choice|switch 2|
|
|switch|p1a: Keldeo|Keldeo, L77|100\/100
|turn|11
|choice|move calmmind|switch 3
|
|switch|p2a: Klinklang|Klinklang, L79|100\/100
|-damage|p2a: Klinklang|94\/100|[from] Stealth Rock
|move|p1a: Keldeo|Calm Mind|p1a: Keldeo
|-boost|p1a: Keldeo|spa|1
|-boost|p1a: Keldeo|spd|1
|
|-heal|p2a: Klinklang|100\/100|[from] item: Leftovers
|upkeep
|turn|12
|choice|move secretsword|move shiftgear
|
|move|p1a: Keldeo|Secret Sword|p2a: Klinklang
|-supereffective|p2a: Klinklang
|-damage|p2a: Klinklang|0 fnt
|faint|p2a: Klinklang
|
|upkeep
|choice||switch 3
|
|switch|p2a: Gastrodon|Gastrodon, L79, F|51\/100 tox
|-damage|p2a: Gastrodon|45\/100 tox|[from] Stealth Rock
|turn|13
|choice|move secretsword|move toxic
|
|move|p1a: Keldeo|Secret Sword|p2a: Gastrodon
|-damage|p2a: Gastrodon|0 fnt
|faint|p2a: Gastrodon
|
|upkeep
|choice||switch 2
|
|switch|p2a: Lilligant|Lilligant, L79, F|82\/100 tox
|-damage|p2a: Lilligant|69\/100 tox|[from] Stealth Rock
|turn|14
|choice|move secretsword|move sleeppowder
|
|move|p1a: Keldeo|Secret Sword|p2a: Lilligant
|-damage|p2a: Lilligant|4\/100 tox
|move|p2a: Lilligant|Sleep Powder|p1a: Keldeo
|-status|p1a: Keldeo|slp
|
|-damage|p2a: Lilligant|0 fnt|[from] psn
|upkeep
|faint|p2a: Lilligant
|choice||switch 4
|
|switch|p2a: Furret|Furret, L79, F|82\/100
|-damage|p2a: Furret|69\/100|[from] Stealth Rock
|-item|p1a: Keldeo|Leftovers|[from] ability: Frisk|[of] p2a: Furret|[identify]
|turn|15
|choice|move secretsword|move trick
|
|cant|p1a: Keldeo|slp
|move|p2a: Furret|Trick|p1a: Keldeo
|-activate|p2a: Furret|move: Trick|[of] p1a: Keldeo
|-item|p1a: Keldeo|Choice Band|[from] move: Trick
|-item|p2a: Furret|Leftovers|[from] move: Trick
|
|-heal|p2a: Furret|75\/100|[from] item: Leftovers
|upkeep
|turn|16
|choice|move secretsword|move doubleedge
|
|-curestatus|p1a: Keldeo|slp|[msg]
|move|p1a: Keldeo|Secret Sword|p2a: Furret
|-supereffective|p2a: Furret
|-crit|p2a: Furret
|-damage|p2a: Furret|0 fnt
|faint|p2a: Furret
|
|upkeep
|choice||switch 5
|
|switch|p2a: Greninja|Greninja, L75, M|100\/100
|-damage|p2a: Greninja|88\/100|[from] Stealth Rock
|turn|17
|choice|move secretsword|move uturn
|
|move|p2a: Greninja|U-turn|p1a: Keldeo
|-resisted|p1a: Keldeo
|-damage|p1a: Keldeo|92\/100
|choice||switch 6
|
|switch|p2a: Houndoom|Houndoom, L75, F|100\/100
|-damage|p2a: Houndoom|76\/100|[from] Stealth Rock
|move|p1a: Keldeo|Secret Sword|p2a: Houndoom
|-supereffective|p2a: Houndoom
|-damage|p2a: Houndoom|0 fnt
|faint|p2a: Houndoom
|
|upkeep
|choice||switch 6
|
|switch|p2a: Greninja|Greninja, L75, M|88\/100
|-damage|p2a: Greninja|75\/100|[from] Stealth Rock
|turn|18
|choice|move secretsword|move hydropump
|
|move|p2a: Greninja|Hydro Pump|p1a: Keldeo
|-resisted|p1a: Keldeo
|-damage|p1a: Keldeo|78\/100
|move|p1a: Keldeo|Secret Sword|p2a: Greninja
|-supereffective|p2a: Greninja
|-damage|p2a: Greninja|0 fnt
|faint|p2a: Greninja
|
|win|Dona Maxima
|raw|Dona Maxima's rating: 1434 &rarr; <strong>1456<\/strong><br \/>(+22 for winning)
|raw|wifi ghosts's rating: 1460 &rarr; <strong>1439<\/strong><br \/>(-21 for losing)
|l|wifi ghosts</script>
</div>
<div class="battle-log battle-log-inline"><div class="inner"><div class="chat"><small>Dona Maxima joined.</small></div><div class="chat"><small>wifi ghosts joined.</small></div><div style="padding:5px 0"><small>Format:</small> <br><strong>[Gen 7] Random Battle</strong></div><div class="rated"><strong>Rated battle</strong></div><div><small><em>Sleep Clause Mod:</em> Limit one foe put to sleep</small></div><div><small><em>HP Percentage Mod:</em> HP is shown in percentages</small></div><div>Battle between Dona Maxima and wifi ghosts started!</div><div class="spacer"></div><div>Go! Chansey!</div><div class="spacer"></div><div>wifi ghosts sent out Lilligant!</div><h2>Turn 1</h2><div class="spacer"></div><div>The opposing <span class="battle-nickname-foe" title="Lilligant">Lilligant</span> used <strong>Sleep Powder</strong>!</div><div><small><span class="battle-nickname" title="Chansey">Chansey</span> avoided the attack!</small></div><div class="spacer"></div><div><span class="battle-nickname" title="Chansey">Chansey</span> used <strong>Toxic</strong>!</div><div><small>The opposing <span class="battle-nickname-foe" title="Lilligant">Lilligant</span> was badly poisoned!</small></div><div class="spacer"></div><div><small>The opposing <span class="battle-nickname-foe" title="Lilligant">Lilligant</span> was hurt by poison!</small></div><h2>Turn 2</h2><div class="spacer"></div><div>The opposing <span class="battle-nickname-foe" title="Lilligant">Lilligant</span> used <strong>Sleep Powder</strong>!</div><div><small><span class="battle-nickname" title="Chansey">Chansey</span> fell asleep!</small></div><div class="spacer"></div><div><span class="battle-nickname" title="Chansey">Chansey</span> is fast asleep.</div><div class="spacer"></div><div><small>The opposing <span class="battle-nickname-foe" title="Lilligant">Lilligant</span> was hurt by poison!</small></div><h2>Turn 3</h2><div class="spacer"></div><div>wifi ghosts withdrew Lilligant!</div><div class="spacer"></div><div>wifi ghosts sent out Furret!</div><div><small>[Opposing <span class="battle-nickname-foe" title="Furret">Furret</span>'s Frisk!]</small></div><div><small>The opposing <span class="battle-nickname-foe" title="Furret">Furret</span> frisked <span class="battle-nickname" title="Chansey">Chansey</span> and found its Eviolite!</small></div><div class="spacer"></div><div><span class="battle-nickname" title="Chansey">Chansey</span> is fast asleep.</div><h2>Turn 4</h2><div class="spacer"></div><div><small>(<span class="battle-nickname" title="Chansey">Chansey</span>'s Natural Cure activated!)</small></div><div class="spacer"></div><div><span class="battle-nickname" title="Chansey">Chansey</span>, come back!</div><div class="spacer"></div><div>Go! Rampardos!</div><div><small>[<span class="battle-nickname" title="Rampardos">Rampardos</span>'s Mold Breaker!]</small></div><div><small><span class="battle-nickname" title="Rampardos">Rampardos</span> breaks the mold!</small></div><div class="spacer"></div><div>The opposing <span class="battle-nickname-foe" title="Furret">Furret</span> used <strong>Double-Edge</strong>!</div><div><small>It's not very effective... A critical hit! </small><small><span class="battle-nickname" title="Rampardos">Rampardos</span> lost 53% of its health!</small><br></div><div><small>The opposing <span class="battle-nickname-foe" title="Furret">Furret</span> is damaged by the recoil!</small></div><h2>Turn 5</h2><div class="spacer"></div><div>wifi ghosts withdrew Furret!</div><div class="spacer"></div><div>wifi ghosts sent out Gastrodon!</div><div class="spacer"></div><div><span class="battle-nickname" title="Rampardos">Rampardos</span> used <strong>Head Smash</strong>!</div><div><small>It's not very effective... </small><small>The opposing <span class="battle-nickname-foe" title="Gastrodon">Gastrodon</span> lost 55% of its health!</small><br></div><div><small><span class="battle-nickname" title="Rampardos">Rampardos</span> is damaged by the recoil!</small></div><div><small><span class="battle-nickname" title="Rampardos">Rampardos</span> lost some of its HP!</small></div><div class="spacer"></div><div><small>The opposing <span class="battle-nickname-foe" title="Gastrodon">Gastrodon</span> restored a little HP using its Leftovers!</small></div><h2>Turn 6</h2><div class="spacer"></div><div><span class="battle-nickname" title="Rampardos">Rampardos</span> used <strong>Head Smash</strong>!</div><div><small>The opposing <span class="battle-nickname-foe" title="Gastrodon">Gastrodon</span> avoided the attack!</small></div><div class="spacer"></div><div>The opposing <span class="battle-nickname-foe" title="Gastrodon">Gastrodon</span> used <strong>Recover</strong>!</div><div><small>The opposing <span class="battle-nickname-foe" title="Gastrodon">Gastrodon</span> restored its HP.</small></div><h2>Turn 7</h2><div class="spacer"></div><div><span class="battle-nickname" title="Rampardos">Rampardos</span> used <strong>Head Smash</strong>!</div><div><small>The opposing <span class="battle-nickname-foe" title="Gastrodon">Gastrodon</span> avoided the attack!</small></div><div class="spacer"></div><div>The opposing <span class="battle-nickname-foe" title="Gastrodon">Gastrodon</span> used <strong>Scald</strong>!</div><div><small>It's super effective! </small><small><span class="battle-nickname" title="Rampardos">Rampardos</span> lost 7% of its health!</small><br></div><div class="spacer"></div><div><span class="battle-nickname" title="Rampardos">Rampardos</span> fainted!</div><div class="spacer"></div><div>Go! Chansey!</div><h2>Turn 8</h2><div class="spacer"></div><div><span class="battle-nickname" title="Chansey">Chansey</span> used <strong>Toxic</strong>!</div><div><small>The opposing <span class="battle-nickname-foe" title="Gastrodon">Gastrodon</span> was badly poisoned!</small></div><div class="spacer"></div><div>The opposing <span class="battle-nickname-foe" title="Gastrodon">Gastrodon</span> used <strong>Earthquake</strong>!</div><div><small><span class="battle-nickname" title="Chansey">Chansey</span> lost 45% of its health!</small><br></div><div class="spacer"></div><div><small>The opposing <span class="battle-nickname-foe" title="Gastrodon">Gastrodon</span> was hurt by poison!</small></div><h2>Turn 9</h2><div class="spacer"></div><div><span class="battle-nickname" title="Chansey">Chansey</span> used <strong>Stealth Rock</strong>!</div><div><small>Pointed stones float in the air around the opposing team!</small></div><div class="spacer"></div><div>The opposing <span class="battle-nickname-foe" title="Gastrodon">Gastrodon</span> used <strong>Earthquake</strong>!</div><div><small><span class="battle-nickname" title="Chansey">Chansey</span> lost 39% of its health!</small><br></div><div class="spacer"></div><div><small>The opposing <span class="battle-nickname-foe" title="Gastrodon">Gastrodon</span> restored a little HP using its Leftovers!</small></div><div><small>The opposing <span class="battle-nickname-foe" title="Gastrodon">Gastrodon</span> was hurt by poison!</small></div><h2>Turn 10</h2><div class="spacer"></div><div><span class="battle-nickname" title="Chansey">Chansey</span> used <strong>Seismic Toss</strong>!</div><div><small>The opposing <span class="battle-nickname-foe" title="Gastrodon">Gastrodon</span> lost 25% of its health!</small><br></div><div class="spacer"></div><div>The opposing <span class="battle-nickname-foe" title="Gastrodon">Gastrodon</span> used <strong>Earthquake</strong>!</div><div><small>A critical hit! </small><small><span class="battle-nickname" title="Chansey">Chansey</span> lost 16% of its health!</small><br></div><div class="spacer"></div><div><span class="battle-nickname" title="Chansey">Chansey</span> fainted!</div><div class="spacer"></div><div><small>The opposing <span class="battle-nickname-foe" title="Gastrodon">Gastrodon</span> restored a little HP using its Leftovers!</small></div><div><small>The opposing <span class="battle-nickname-foe" title="Gastrodon">Gastrodon</span> was hurt by poison!</small></div><div class="spacer"></div><div>Go! Keldeo!</div><h2>Turn 11</h2><div class="spacer"></div><div>wifi ghosts withdrew Gastrodon!</div><div class="spacer"></div><div>wifi ghosts sent out Klinklang!</div><div><small>Pointed stones dug into the opposing <span class="battle-nickname-foe" title="Klinklang">Klinklang</span>!</small></div><div class="spacer"></div><div><span class="battle-nickname" title="Keldeo">Keldeo</span> used <strong>Calm Mind</strong>!</div><div><small><span class="battle-nickname" title="Keldeo">Keldeo</span>'s Special Attack rose! <span class="battle-nickname" title="Keldeo">Keldeo</span>'s Special Defense rose! </small></div><div class="spacer"></div><div><small>The opposing <span class="battle-nickname-foe" title="Klinklang">Klinklang</span> restored a little HP using its Leftovers!</small></div><h2>Turn 12</h2><div class="spacer"></div><div><span class="battle-nickname" title="Keldeo">Keldeo</span> used <strong>Secret Sword</strong>!</div><div><small>It's super effective! </small><small>The opposing <span class="battle-nickname-foe" title="Klinklang">Klinklang</span> lost 100% of its health!</small><br></div><div class="spacer"></div><div>The opposing <span class="battle-nickname-foe" title="Klinklang">Klinklang</span> fainted!</div><div class="spacer"></div><div>wifi ghosts sent out Gastrodon!</div><div><small>Pointed stones dug into the opposing <span class="battle-nickname-foe" title="Gastrodon">Gastrodon</span>!</small></div><h2>Turn 13</h2><div class="spacer"></div><div><span class="battle-nickname" title="Keldeo">Keldeo</span> used <strong>Secret Sword</strong>!</div><div><small>The opposing <span class="battle-nickname-foe" title="Gastrodon">Gastrodon</span> lost 45% of its health!</small><br></div><div class="spacer"></div><div>The opposing <span class="battle-nickname-foe" title="Gastrodon">Gastrodon</span> fainted!</div><div class="spacer"></div><div>wifi ghosts sent out Lilligant!</div><div><small>Pointed stones dug into the opposing <span class="battle-nickname-foe" title="Lilligant">Lilligant</span>!</small></div><h2>Turn 14</h2><div class="spacer"></div><div><span class="battle-nickname" title="Keldeo">Keldeo</span> used <strong>Secret Sword</strong>!</div><div><small>The opposing <span class="battle-nickname-foe" title="Lilligant">Lilligant</span> lost 65% of its health!</small><br></div><div class="spacer"></div><div>The opposing <span class="battle-nickname-foe" title="Lilligant">Lilligant</span> used <strong>Sleep Powder</strong>!</div><div><small><span class="battle-nickname" title="Keldeo">Keldeo</span> fell asleep!</small></div><div class="spacer"></div><div><small>The opposing <span class="battle-nickname-foe" title="Lilligant">Lilligant</span> was hurt by poison!</small></div><div class="spacer"></div><div>The opposing <span class="battle-nickname-foe" title="Lilligant">Lilligant</span> fainted!</div><div class="spacer"></div><div>wifi ghosts sent out Furret!</div><div><small>Pointed stones dug into the opposing <span class="battle-nickname-foe" title="Furret">Furret</span>!</small></div><div><small>[Opposing <span class="battle-nickname-foe" title="Furret">Furret</span>'s Frisk!]</small></div><div><small>The opposing <span class="battle-nickname-foe" title="Furret">Furret</span> frisked <span class="battle-nickname" title="Keldeo">Keldeo</span> and found its Leftovers!</small></div><h2>Turn 15</h2><div class="spacer"></div><div><span class="battle-nickname" title="Keldeo">Keldeo</span> is fast asleep.</div><div class="spacer"></div><div>The opposing <span class="battle-nickname-foe" title="Furret">Furret</span> used <strong>Trick</strong>!</div><div><small>The opposing <span class="battle-nickname-foe" title="Furret">Furret</span> switched items with its target!</small></div><div><small><span class="battle-nickname" title="Keldeo">Keldeo</span> obtained one Choice Band.</small></div><div><small>The opposing <span class="battle-nickname-foe" title="Furret">Furret</span> obtained one Leftovers.</small></div><div class="spacer"></div><div><small>The opposing <span class="battle-nickname-foe" title="Furret">Furret</span> restored a little HP using its Leftovers!</small></div><h2>Turn 16</h2><div class="spacer"></div><div><small><span class="battle-nickname" title="Keldeo">Keldeo</span> woke up!</small></div><div class="spacer"></div><div><span class="battle-nickname" title="Keldeo">Keldeo</span> used <strong>Secret Sword</strong>!</div><div><small>It's super effective! A critical hit! </small><small>The opposing <span class="battle-nickname-foe" title="Furret">Furret</span> lost 75% of its health!</small><br></div><div class="spacer"></div><div>The opposing <span class="battle-nickname-foe" title="Furret">Furret</span> fainted!</div><div class="spacer"></div><div>wifi ghosts sent out Greninja!</div><div><small>Pointed stones dug into the opposing <span class="battle-nickname-foe" title="Greninja">Greninja</span>!</small></div><h2>Turn 17</h2><div class="spacer"></div><div>The opposing <span class="battle-nickname-foe" title="Greninja">Greninja</span> used <strong>U-turn</strong>!</div><div><small>It's not very effective... </small><small><span class="battle-nickname" title="Keldeo">Keldeo</span> lost 8% of its health!</small><br></div><div class="spacer"></div><div>The opposing <span class="battle-nickname-foe" title="Greninja">Greninja</span> went back to wifi ghosts!</div><div class="spacer"></div><div>wifi ghosts sent out Houndoom!</div><div><small>Pointed stones dug into the opposing <span class="battle-nickname-foe" title="Houndoom">Houndoom</span>!</small></div><div class="spacer"></div><div><span class="battle-nickname" title="Keldeo">Keldeo</span> used <strong>Secret Sword</strong>!</div><div><small>It's super effective! </small><small>The opposing <span class="battle-nickname-foe" title="Houndoom">Houndoom</span> lost 76% of its health!</small><br></div><div class="spacer"></div><div>The opposing <span class="battle-nickname-foe" title="Houndoom">Houndoom</span> fainted!</div><div class="spacer"></div><div>wifi ghosts sent out Greninja!</div><div><small>Pointed stones dug into the opposing <span class="battle-nickname-foe" title="Greninja">Greninja</span>!</small></div><h2>Turn 18</h2><div class="spacer"></div><div>The opposing <span class="battle-nickname-foe" title="Greninja">Greninja</span> used <strong>Hydro Pump</strong>!</div><div><small>It's not very effective... </small><small><span class="battle-nickname" title="Keldeo">Keldeo</span> lost 14% of its health!</small><br></div><div class="spacer"></div><div><span class="battle-nickname" title="Keldeo">Keldeo</span> used <strong>Secret Sword</strong>!</div><div><small>It's super effective! </small><small>The opposing <span class="battle-nickname-foe" title="Greninja">Greninja</span> lost 75% of its health!</small><br></div><div class="spacer"></div><div>The opposing <span class="battle-nickname-foe" title="Greninja">Greninja</span> fainted!</div><div class="spacer"></div><div>Dona Maxima won the battle!</div><div class="chat">Dona Maxima's rating: 1434 → <strong>1456</strong><br>(+22 for winning)</div><div class="chat">wifi ghosts's rating: 1460 → <strong>1439</strong><br>(-21 for losing)</div><div class="chat"><small>wifi ghosts left.</small></div></div></div>
</div>
<script>
var daily = Math.floor(Date.now()/1000/60/60/24);document.write('<script src="https://play.pokemonshowdown.com/js/replay-embed.js?version'+daily+'"></'+'script>');
</script>
