<!DOCTYPE html>
<meta charset="utf-8" />
<!-- version 1 -->
<title>[Gen 7] Random Battle replay: Absoldourado vs. kanoncollins</title>
<style>
html,body {font-family:Verdana, sans-serif;font-size:10pt;margin:0;padding:0;}body{padding:12px 0;} .battle-log {font-family:Verdana, sans-serif;font-size:10pt;} .battle-log-inline {border:1px solid #AAAAAA;background:#EEF2F5;color:black;max-width:640px;margin:0 auto 80px;padding-bottom:5px;} .battle-log .inner {padding:4px 8px 0px 8px;} .battle-log .inner-preempt {padding:0 8px 4px 8px;} .battle-log .inner-after {margin-top:0.5em;} .battle-log h2 {margin:0.5em -8px;padding:4px 8px;border:1px solid #AAAAAA;background:#E0E7EA;border-left:0;border-right:0;font-family:Verdana, sans-serif;font-size:13pt;} .battle-log .chat {vertical-align:middle;padding:3px 0 3px 0;font-size:8pt;} .battle-log .chat strong {color:#40576A;} .battle-log .chat em {padding:1px 4px 1px 3px;color:#000000;font-style:normal;} .chat.mine {background:rgba(0,0,0,0.05);margin-left:-8px;margin-right:-8px;padding-left:8px;padding-right:8px;} .spoiler {color:#BBBBBB;background:#BBBBBB;padding:0px 3px;} .spoiler:hover, .spoiler:active, .spoiler-shown {color:#000000;background:#E2E2E2;padding:0px 3px;} .spoiler a {color:#BBBBBB;} .spoiler:hover a, .spoiler:active a, .spoiler-shown a {color:#2288CC;} .chat code, .chat .spoiler:hover code, .chat .spoiler:active code, .chat .spoiler-shown code {border:1px solid #C0C0C0;background:#EEEEEE;color:black;padding:0 2px;} .chat .spoiler code {border:1px solid #CCCCCC;background:#CCCCCC;color:#CCCCCC;} .battle-log .rated {padding:3px 4px;} .battle-log .rated strong {color:white;background:#89A;padding:1px 4px;border-radius:4px;} .spacer {margin-top:0.5em;} .message-announce {background:#6688AA;color:white;padding:1px 4px 2px;} .message-announce a, .broadcast-green a, .broadcast-blue a, .broadcast-red a {color:#DDEEFF;} .broadcast-green {background-color:#559955;color:white;padding:2px 4px;} .broadcast-blue {background-color:#6688AA;color:white;padding:2px 4px;} .infobox {border:1px solid #6688AA;padding:2px 4px;} .infobox-limited {max-height:200px;overflow:auto;overflow-x:hidden;} .broadcast-red {background-color:#AA5544;color:white;padding:2px 4px;} .message-learn-canlearn {font-weight:bold;color:#228822;text-decoration:underline;} .message-learn-cannotlearn {font-weight:bold;color:#CC2222;text-decoration:underline;} .message-effect-weak {font-weight:bold;color:#CC2222;} .message-effect-resist {font-weight:bold;color:#6688AA;} .message-effect-immune {font-weight:bold;color:#666666;} .message-learn-list {margin-top:0;margin-bottom:0;} .message-throttle-notice, .message-error {color:#992222;} .message-overflow, .chat small.message-overflow {font-size:0pt;} .message-overflow::before {font-size:9pt;content:'...';} .subtle {color:#3A4A66;}
</style>
<div class="wrapper replay-wrapper" style="max-width:1180px;margin:0 auto">
<input type="hidden" name="replayid" value="gen7randombattle-566855594" />
<div class="battle"></div><div class="battle-log"></div><div class="replay-controls"></div><div class="replay-controls-2"></div>
<h1 style="font-weight:normal;text-align:center"><strong>[Gen 7] Random Battle</strong><br /><a href="http://pokemonshowdown.com/users/absoldourado" class="subtle" target="_blank">Absoldourado</a> vs. <a href="http://pokemonshowdown.com/users/kanoncollins" class="subtle" target="_blank">kanoncollins</a></h1>
<script type="text/plain" class="battle-log-data">|j|Absoldourado
|j|kanoncollins
|player|p1|Absoldourado|#bw2elesa
|player|p2|kanoncollins|2
|gametype|singles
|gen|7
|tier|[Gen 7] Random Battle
|rated
|seed|25436,51380,20355,1426,33496,2544,13492,44880,43186,47783,22411,28293
|rule|Sleep Clause Mod: Limit one foe put to sleep
|rule|HP Percentage Mod: HP is shown in percentages
|
|start
|switch|p1a: Wishiwashi|Wishiwashi, L79, M|100\/100
|switch|p2a: Scrafty|Scrafty, L79, M|100\/100
|-formechange|p1a: Wishiwashi|Wishiwashi-School|[from] ability: Schooling
|turn|1
|inactive|Battle timer is ON: inactive players will automatically lose when time's up. (requested by kanoncollins)
|choice|move scald|switch 3
|
|switch|p2a: Floatzel|Floatzel, L75, F|100\/100
|move|p1a: Wishiwashi|Scald|p2a: Floatzel
|-resisted|p2a: Floatzel
|-damage|p2a: Floatzel|70\/100
|
|-heal|p2a: Floatzel|76\/100|[from] item: Leftovers
|upkeep
|turn|2
|choice|move hiddenpower|move bulkup
|
|move|p2a: Floatzel|Bulk Up|p2a: Floatzel
|-boost|p2a: Floatzel|atk|1
|-boost|p2a: Floatzel|def|1
|move|p1a: Wishiwashi|Hidden Power|p2a: Floatzel
|-supereffective|p2a: Floatzel
|-damage|p2a: Floatzel|0 fnt
|faint|p2a: Floatzel
|
|upkeep
|choice||switch 5
|
|switch|p2a: Espeon|Espeon, L79, F|100\/100
|turn|3
|choice|move scald|move nastyplot
|
|move|p2a: Espeon|Nasty Plot|p2a: Espeon
|-boost|p2a: Espeon|spa|2
|move|p1a: Wishiwashi|Scald|p2a: Espeon
|replace|p2a: Zoroark|Zoroark, L79, F
|-end|p2a: Zoroark|Illusion
|-damage|p2a: Zoroark|36\/100
|
|upkeep
|turn|4
|choice|switch 3|move darkpulse
|
|switch|p1a: Poliwrath|Poliwrath, L79, M|100\/100
|move|p2a: Zoroark|Dark Pulse|p1a: Poliwrath
|-resisted|p1a: Poliwrath
|-damage|p1a: Poliwrath|59\/100
|-damage|p2a: Zoroark|26\/100|[from] item: Life Orb
|
|-heal|p1a: Poliwrath|65\/100|[from] item: Leftovers
|upkeep
|turn|5
|choice|move scald|move sludgebomb
|
|move|p2a: Zoroark|Sludge Bomb|p1a: Poliwrath
|-damage|p1a: Poliwrath|0 fnt
|-damage|p2a: Zoroark|17\/100|[from] item: Life Orb
|faint|p1a: Poliwrath
|
|upkeep
|choice|switch 4|
|
|switch|p1a: Houndoom|Houndoom, L75, F|100\/100
|turn|6
|choice|move darkpulse mega|move sludgebomb
|
|detailschange|p1a: Houndoom|Houndoom-Mega, L75, F
|-mega|p1a: Houndoom|Houndoom|Houndoominite
|move|p1a: Houndoom|Dark Pulse|p2a: Zoroark
|-resisted|p2a: Zoroark
|-damage|p2a: Zoroark|0 fnt
|faint|p2a: Zoroark
|
|upkeep
|choice||switch 3
|
|switch|p2a: Scrafty|Scrafty, L79, M|100\/100
|turn|7
|choice|switch 6|move dragondance
|
|switch|p1a: Vespiquen|Vespiquen, L79, F|100\/100
|-ability|p1a: Vespiquen|Pressure
|move|p2a: Scrafty|Dragon Dance|p2a: Scrafty
|-boost|p2a: Scrafty|atk|1
|-boost|p2a: Scrafty|spe|1
|
|upkeep
|turn|8
|choice|move toxic|move icepunch
|
|move|p2a: Scrafty|Ice Punch|p1a: Vespiquen
|-supereffective|p1a: Vespiquen
|-damage|p1a: Vespiquen|49\/100
|move|p1a: Vespiquen|Toxic|p2a: Scrafty
|-status|p2a: Scrafty|tox
|
|-heal|p1a: Vespiquen|54\/100|[from] item: Leftovers
|-damage|p2a: Scrafty|94\/100 tox|[from] psn
|upkeep
|turn|9
|choice|move attackorder|move icepunch
|
|move|p2a: Scrafty|Ice Punch|p1a: Vespiquen
|-supereffective|p1a: Vespiquen
|-damage|p1a: Vespiquen|2\/100
|move|p1a: Vespiquen|Attack Order|p2a: Scrafty
|-damage|p2a: Scrafty|66\/100 tox
|
|-heal|p2a: Scrafty|72\/100 tox|[from] item: Leftovers
|-heal|p1a: Vespiquen|8\/100|[from] item: Leftovers
|-damage|p2a: Scrafty|60\/100 tox|[from] psn
|upkeep
|turn|10
|choice|move infestation|move knockoff
|
|move|p2a: Scrafty|Knock Off|p1a: Vespiquen
|-damage|p1a: Vespiquen|0 fnt
|-enditem|p1a: Vespiquen|Leftovers|[from] move: Knock Off|[of] p2a: Scrafty
|faint|p1a: Vespiquen
|-ability|p2a: Scrafty|Moxie|boost
|-boost|p2a: Scrafty|atk|1
|
|-heal|p2a: Scrafty|66\/100 tox|[from] item: Leftovers
|-damage|p2a: Scrafty|47\/100 tox|[from] psn
|upkeep
|choice|switch 3|
|
|switch|p1a: Wishiwashi|Wishiwashi, L79, M|100\/100
|-formechange|p1a: Wishiwashi|Wishiwashi-School|[from] ability: Schooling
|turn|11
|choice|move scald|move knockoff
|
|move|p2a: Scrafty|Knock Off|p1a: Wishiwashi
|-damage|p1a: Wishiwashi|39\/100
|-enditem|p1a: Wishiwashi|Expert Belt|[from] move: Knock Off|[of] p2a: Scrafty
|move|p1a: Wishiwashi|Scald|p2a: Scrafty
|-damage|p2a: Scrafty|11\/100 tox
|
|-heal|p2a: Scrafty|17\/100 tox|[from] item: Leftovers
|-damage|p2a: Scrafty|0 fnt|[from] psn
|upkeep
|faint|p2a: Scrafty
|choice||switch 6
|
|switch|p2a: Espeon|Espeon, L79, F|100\/100
|turn|12
|choice|move scald|move shadowball
|
|move|p2a: Espeon|Shadow Ball|p1a: Wishiwashi
|-damage|p1a: Wishiwashi|16\/100
|move|p1a: Wishiwashi|Scald|p2a: Espeon
|-damage|p2a: Espeon|55\/100
|-status|p2a: Espeon|brn
|
|-heal|p2a: Espeon|61\/100 brn|[from] item: Leftovers
|-damage|p2a: Espeon|55\/100 brn|[from] brn
|-formechange|p1a: Wishiwashi|Wishiwashi|[from] ability: Schooling
|upkeep
|turn|13
|choice|move scald|move dazzlinggleam
|
|move|p2a: Espeon|Dazzling Gleam|p1a: Wishiwashi
|-damage|p1a: Wishiwashi|0 fnt
|faint|p1a: Wishiwashi
|
|-heal|p2a: Espeon|61\/100 brn|[from] item: Leftovers
|-damage|p2a: Espeon|55\/100 brn|[from] brn
|upkeep
|choice|switch 5|
|
|switch|p1a: Deoxys|Deoxys-Attack, L73|100\/100
|-ability|p1a: Deoxys|Pressure
|turn|14
|choice|move knockoff|move shadowball
|
|move|p1a: Deoxys|Knock Off|p2a: Espeon
|-supereffective|p2a: Espeon
|-damage|p2a: Espeon|0 fnt
|-enditem|p2a: Espeon|Leftovers|[from] move: Knock Off|[of] p1a: Deoxys
|-damage|p1a: Deoxys|91\/100|[from] item: Life Orb
|faint|p2a: Espeon
|
|upkeep
|choice||switch 2
|
|switch|p2a: Sandslash|Sandslash-Alola, L79, M|100\/100
|turn|15
|choice|switch 6|move earthquake
|
|switch|p1a: Houndoom|Houndoom-Mega, L75, F|100\/100
|move|p2a: Sandslash|Earthquake|p1a: Houndoom
|-supereffective|p1a: Houndoom
|-damage|p1a: Houndoom|43\/100
|
|upkeep
|turn|16
|choice|move fireblast|switch 4
|
|switch|p2a: Flareon|Flareon, L79, F|100\/100
|move|p1a: Houndoom|Fire Blast|p2a: Flareon
|-resisted|p2a: Flareon
|-damage|p2a: Flareon|74\/100
|
|-status|p2a: Flareon|tox|[from] item: Toxic Orb
|upkeep
|turn|17
|choice|switch 2|move facade
|
|switch|p1a: Sigilyph|Sigilyph, L79, F|100\/100
|move|p2a: Flareon|Facade|p1a: Sigilyph
|-damage|p1a: Sigilyph|25\/100
|
|-damage|p2a: Flareon|68\/100 tox|[from] psn
|-status|p1a: Sigilyph|brn|[from] item: Flame Orb
|upkeep
|turn|18
|choice|move roost|move facade
|
|move|p1a: Sigilyph|Roost|p1a: Sigilyph
|-heal|p1a: Sigilyph|75\/100 brn
|move|p2a: Flareon|Facade|p1a: Sigilyph
|-damage|p1a: Sigilyph|0 fnt
|faint|p1a: Sigilyph
|
|-damage|p2a: Flareon|56\/100 tox|[from] psn
|upkeep
|choice|switch 6|
|
|switch|p1a: Deoxys|Deoxys-Attack, L73|91\/100
|-ability|p1a: Deoxys|Pressure
|turn|19
|choice|move psychoboost|move facade
|
|move|p1a: Deoxys|Psycho Boost|p2a: Flareon
|-damage|p2a: Flareon|0 fnt
|-unboost|p1a: Deoxys|spa|2
|-damage|p1a: Deoxys|81\/100|[from] item: Life Orb
|faint|p2a: Flareon
|
|upkeep
|choice||switch 4
|
|switch|p2a: Sandslash|Sandslash-Alola, L79, M|100\/100
|turn|20
|choice|move knockoff|move earthquake
|
|move|p1a: Deoxys|Knock Off|p2a: Sandslash
|-damage|p2a: Sandslash|61\/100
|-enditem|p2a: Sandslash|Assault Vest|[from] move: Knock Off|[of] p1a: Deoxys
|-damage|p1a: Deoxys|71\/100|[from] item: Life Orb
|move|p2a: Sandslash|Earthquake|p1a: Deoxys
|-damage|p1a: Deoxys|0 fnt
|faint|p1a: Deoxys
|
|upkeep
|choice|switch 2|
|
|switch|p1a: Houndoom|Houndoom-Mega, L75, F|43\/100
|turn|21
|choice|move darkpulse|move earthquake
|
|move|p1a: Houndoom|Dark Pulse|p2a: Sandslash
|-damage|p2a: Sandslash|10\/100
|cant|p2a: Sandslash|flinch
|
|upkeep
|turn|22
|choice|move darkpulse|move earthquake
|
|move|p1a: Houndoom|Dark Pulse|p2a: Sandslash
|-damage|p2a: Sandslash|0 fnt
|faint|p2a: Sandslash
|
|win|Absoldourado
|l|kanoncollins
|raw|Absoldourado's rating: 1360 &rarr; <strong>1377<\/strong><br \/>(+17 for winning)
|raw|kanoncollins's rating: 1310 &rarr; <strong>1293<\/strong><br \/>(-17 for losing)</script>
</div>
<div class="battle-log battle-log-inline"><div class="inner"><div class="chat"><small>Absoldourado joined.</small></div><div class="chat"><small>kanoncollins joined.</small></div><div style="padding:5px 0"><small>Format:</small> <br><strong>[Gen 7] Random Battle</strong></div><div class="rated"><strong>Rated battle</strong></div><div><small><em>Sleep Clause Mod:</em> Limit one foe put to sleep</small></div><div><small><em>HP Percentage Mod:</em> HP is shown in percentages</small></div><div>Battle between Absoldourado and kanoncollins started!</div><div class="spacer"></div><div>Go! Wishiwashi!</div><div class="spacer"></div><div>kanoncollins sent out Scrafty!</div><div><small>[<span class="battle-nickname" title="Wishiwashi">Wishiwashi</span>'s Schooling!]</small></div><div><small><span class="battle-nickname" title="Wishiwashi">Wishiwashi</span> formed a school!</small></div><h2>Turn 1</h2><div class="chat message-error">Battle timer is ON: inactive players will automatically lose when time's up. (requested by kanoncollins)</div><div class="spacer"></div><div>kanoncollins withdrew Scrafty!</div><div class="spacer"></div><div>kanoncollins sent out Floatzel!</div><div class="spacer"></div><div><span class="battle-nickname" title="Wishiwashi">Wishiwashi</span> used <strong>Scald</strong>!</div><div><small>It's not very effective... </small><small>The opposing <span class="battle-nickname-foe" title="Floatzel">Floatzel</span> lost 30% of its health!</small><br></div><div class="spacer"></div><div><small>The opposing <span class="battle-nickname-foe" title="Floatzel">Floatzel</span> restored a little HP using its Leftovers!</small></div><h2>Turn 2</h2><div class="spacer"></div><div>The opposing <span class="battle-nickname-foe" title="Floatzel">Floatzel</span> used <strong>Bulk Up</strong>!</div><div><small>The opposing <span class="battle-nickname-foe" title="Floatzel">Floatzel</span>'s Attack rose! The opposing <span class="battle-nickname-foe" title="Floatzel">Floatzel</span>'s Defense rose! </small></div><div class="spacer"></div><div><span class="battle-nickname" title="Wishiwashi">Wishiwashi</span> used <strong>Hidden Power</strong>!</div><div><small>It's super effective! </small><small>The opposing <span class="battle-nickname-foe" title="Floatzel">Floatzel</span> lost 76% of its health!</small><br></div><div class="spacer"></div><div>The opposing <span class="battle-nickname-foe" title="Floatzel">Floatzel</span> fainted!</div><div class="spacer"></div><div>kanoncollins sent out Espeon!</div><h2>Turn 3</h2><div class="spacer"></div><div>The opposing <span class="battle-nickname-foe" title="Espeon">Espeon</span> used <strong>Nasty Plot</strong>!</div><div><small>The opposing <span class="battle-nickname-foe" title="Espeon">Espeon</span>'s Special Attack rose sharply! </small></div><div class="spacer"></div><div><span class="battle-nickname" title="Wishiwashi">Wishiwashi</span> used <strong>Scald</strong>!</div><div class="spacer"></div><div><small>The opposing <span class="battle-nickname-foe" title="Zoroark">Zoroark</span>'s illusion wore off!</small></div><div><small>The opposing <span class="battle-nickname-foe" title="Zoroark">Zoroark</span> lost 64% of its health!</small><br></div><h2>Turn 4</h2><div class="spacer"></div><div><span class="battle-nickname" title="Wishiwashi">Wishiwashi</span>, come back!</div><div class="spacer"></div><div>Go! Poliwrath!</div><div class="spacer"></div><div>The opposing <span class="battle-nickname-foe" title="Zoroark">Zoroark</span> used <strong>Dark Pulse</strong>!</div><div><small>It's not very effective... </small><small><span class="battle-nickname" title="Poliwrath">Poliwrath</span> lost 41% of its health!</small><br></div><div><small>The opposing <span class="battle-nickname-foe" title="Zoroark">Zoroark</span> lost some of its HP!</small></div><div class="spacer"></div><div><small><span class="battle-nickname" title="Poliwrath">Poliwrath</span> restored a little HP using its Leftovers!</small></div><h2>Turn 5</h2><div class="spacer"></div><div>The opposing <span class="battle-nickname-foe" title="Zoroark">Zoroark</span> used <strong>Sludge Bomb</strong>!</div><div><small><span class="battle-nickname" title="Poliwrath">Poliwrath</span> lost 65% of its health!</small><br></div><div><small>The opposing <span class="battle-nickname-foe" title="Zoroark">Zoroark</span> lost some of its HP!</small></div><div class="spacer"></div><div><span class="battle-nickname" title="Poliwrath">Poliwrath</span> fainted!</div><div class="spacer"></div><div>Go! Houndoom!</div><h2>Turn 6</h2><div class="spacer"></div><div><small><span class="battle-nickname" title="Houndoom-Mega">Houndoom</span>'s Houndoominite is reacting to Absoldourado's Mega Bracelet!<br><span class="battle-nickname" title="Houndoom-Mega">Houndoom</span> has Mega Evolved into Mega Houndoom!</small></div><div class="spacer"></div><div><span class="battle-nickname" title="Houndoom-Mega">Houndoom</span> used <strong>Dark Pulse</strong>!</div><div><small>It's not very effective... </small><small>The opposing <span class="battle-nickname-foe" title="Zoroark">Zoroark</span> lost 17% of its health!</small><br></div><div class="spacer"></div><div>The opposing <span class="battle-nickname-foe" title="Zoroark">Zoroark</span> fainted!</div><div class="spacer"></div><div>kanoncollins sent out Scrafty!</div><h2>Turn 7</h2><div class="spacer"></div><div><span class="battle-nickname" title="Houndoom-Mega">Houndoom</span>, come back!</div><div class="spacer"></div><div>Go! Vespiquen!</div><div><small>[<span class="battle-nickname" title="Vespiquen">Vespiquen</span>'s Pressure!]</small></div><div><small><span class="battle-nickname" title="Vespiquen">Vespiquen</span> is exerting its pressure!</small></div><div class="spacer"></div><div>The opposing <span class="battle-nickname-foe" title="Scrafty">Scrafty</span> used <strong>Dragon Dance</strong>!</div><div><small>The opposing <span class="battle-nickname-foe" title="Scrafty">Scrafty</span>'s Attack rose! The opposing <span class="battle-nickname-foe" title="Scrafty">Scrafty</span>'s Speed rose! </small></div><h2>Turn 8</h2><div class="spacer"></div><div>The opposing <span class="battle-nickname-foe" title="Scrafty">Scrafty</span> used <strong>Ice Punch</strong>!</div><div><small>It's super effective! </small><small><span class="battle-nickname" title="Vespiquen">Vespiquen</span> lost 51% of its health!</small><br></div><div class="spacer"></div><div><span class="battle-nickname" title="Vespiquen">Vespiquen</span> used <strong>Toxic</strong>!</div><div><small>The opposing <span class="battle-nickname-foe" title="Scrafty">Scrafty</span> was badly poisoned!</small></div><div class="spacer"></div><div><small><span class="battle-nickname" title="Vespiquen">Vespiquen</span> restored a little HP using its Leftovers!</small></div><div><small>The opposing <span class="battle-nickname-foe" title="Scrafty">Scrafty</span> was hurt by poison!</small></div><h2>Turn 9</h2><div class="spacer"></div><div>The opposing <span class="battle-nickname-foe" title="Scrafty">Scrafty</span> used <strong>Ice Punch</strong>!</div><div><small>It's super effective! </small><small><span class="battle-nickname" title="Vespiquen">Vespiquen</span> lost 52% of its health!</small><br></div><div class="spacer"></div><div><span class="battle-nickname" title="Vespiquen">Vespiquen</span> used <strong>Attack Order</strong>!</div><div><small>The opposing <span class="battle-nickname-foe" title="Scrafty">Scrafty</span> lost 28% of its health!</small><br></div><div class="spacer"></div><div><small>The opposing <span class="battle-nickname-foe" title="Scrafty">Scrafty</span> restored a little HP using its Leftovers!</small></div><div><small><span class="battle-nickname" title="Vespiquen">Vespiquen</span> restored a little HP using its Leftovers!</small></div><div><small>The opposing <span class="battle-nickname-foe" title="Scrafty">Scrafty</span> was hurt by poison!</small></div><h2>Turn 10</h2><div class="spacer"></div><div>The opposing <span class="battle-nickname-foe" title="Scrafty">Scrafty</span> used <strong>Knock Off</strong>!</div><div><small><span class="battle-nickname" title="Vespiquen">Vespiquen</span> lost 8% of its health!</small><br></div><div><small>The opposing <span class="battle-nickname-foe" title="Scrafty">Scrafty</span> knocked off <span class="battle-nickname" title="Vespiquen">Vespiquen</span>'s Leftovers!</small></div><div class="spacer"></div><div><span class="battle-nickname" title="Vespiquen">Vespiquen</span> fainted!</div><div><small>[Opposing <span class="battle-nickname-foe" title="Scrafty">Scrafty</span>'s Moxie!]</small></div><div><small>The opposing <span class="battle-nickname-foe" title="Scrafty">Scrafty</span>'s Attack rose! </small></div><div class="spacer"></div><div><small>The opposing <span class="battle-nickname-foe" title="Scrafty">Scrafty</span> restored a little HP using its Leftovers!</small></div><div><small>The opposing <span class="battle-nickname-foe" title="Scrafty">Scrafty</span> was hurt by poison!</small></div><div class="spacer"></div><div>Go! Wishiwashi!</div><div><small>[<span class="battle-nickname" title="Wishiwashi">Wishiwashi</span>'s Schooling!]</small></div><div><small><span class="battle-nickname" title="Wishiwashi">Wishiwashi</span> formed a school!</small></div><h2>Turn 11</h2><div class="spacer"></div><div>The opposing <span class="battle-nickname-foe" title="Scrafty">Scrafty</span> used <strong>Knock Off</strong>!</div><div><small><span class="battle-nickname" title="Wishiwashi">Wishiwashi</span> lost 61% of its health!</small><br></div><div><small>The opposing <span class="battle-nickname-foe" title="Scrafty">Scrafty</span> knocked off <span class="battle-nickname" title="Wishiwashi">Wishiwashi</span>'s Expert Belt!</small></div><div class="spacer"></div><div><span class="battle-nickname" title="Wishiwashi">Wishiwashi</span> used <strong>Scald</strong>!</div><div><small>The opposing <span class="battle-nickname-foe" title="Scrafty">Scrafty</span> lost 36% of its health!</small><br></div><div class="spacer"></div><div><small>The opposing <span class="battle-nickname-foe" title="Scrafty">Scrafty</span> restored a little HP using its Leftovers!</small></div><div><small>The opposing <span class="battle-nickname-foe" title="Scrafty">Scrafty</span> was hurt by poison!</small></div><div class="spacer"></div><div>The opposing <span class="battle-nickname-foe" title="Scrafty">Scrafty</span> fainted!</div><div class="spacer"></div><div>kanoncollins sent out Espeon!</div><h2>Turn 12</h2><div class="spacer"></div><div>The opposing <span class="battle-nickname-foe" title="Espeon">Espeon</span> used <strong>Shadow Ball</strong>!</div><div><small><span class="battle-nickname" title="Wishiwashi">Wishiwashi</span> lost 23% of its health!</small><br></div><div class="spacer"></div><div><span class="battle-nickname" title="Wishiwashi">Wishiwashi</span> used <strong>Scald</strong>!</div><div><small>The opposing <span class="battle-nickname-foe" title="Espeon">Espeon</span> lost 45% of its health!</small><br></div><div><small>The opposing <span class="battle-nickname-foe" title="Espeon">Espeon</span> was burned!</small></div><div class="spacer"></div><div><small>The opposing <span class="battle-nickname-foe" title="Espeon">Espeon</span> restored a little HP using its Leftovers!</small></div><div><small>The opposing <span class="battle-nickname-foe" title="Espeon">Espeon</span> was hurt by its burn!</small></div><div><small>[<span class="battle-nickname" title="Wishiwashi">Wishiwashi</span>'s Schooling!]</small></div><div><small><span class="battle-nickname" title="Wishiwashi">Wishiwashi</span> stopped schooling!</small></div><h2>Turn 13</h2><div class="spacer"></div><div>The opposing <span class="battle-nickname-foe" title="Espeon">Espeon</span> used <strong>Dazzling Gleam</strong>!</div><div><small><span class="battle-nickname" title="Wishiwashi">Wishiwashi</span> lost 16% of its health!</small><br></div><div class="spacer"></div><div><span class="battle-nickname" title="Wishiwashi">Wishiwashi</span> fainted!</div><div class="spacer"></div><div><small>The opposing <span class="battle-nickname-foe" title="Espeon">Espeon</span> restored a little HP using its Leftovers!</small></div><div><small>The opposing <span class="battle-nickname-foe" title="Espeon">Espeon</span> was hurt by its burn!</small></div><div class="spacer"></div><div>Go! <span class="battle-nickname" title="Deoxys-Attack">Deoxys <small>(Deoxys-Attack)</small></span>!</div><div><small>[<span class="battle-nickname" title="Deoxys-Attack">Deoxys</span>'s Pressure!]</small></div><div><small><span class="battle-nickname" title="Deoxys-Attack">Deoxys</span> is exerting its pressure!</small></div><h2>Turn 14</h2><div class="spacer"></div><div><span class="battle-nickname" title="Deoxys-Attack">Deoxys</span> used <strong>Knock Off</strong>!</div><div><small>It's super effective! </small><small>The opposing <span class="battle-nickname-foe" title="Espeon">Espeon</span> lost 55% of its health!</small><br></div><div><small><span class="battle-nickname" title="Deoxys-Attack">Deoxys</span> knocked off the opposing <span class="battle-nickname-foe" title="Espeon">Espeon</span>'s Leftovers!</small></div><div><small><span class="battle-nickname" title="Deoxys-Attack">Deoxys</span> lost some of its HP!</small></div><div class="spacer"></div><div>The opposing <span class="battle-nickname-foe" title="Espeon">Espeon</span> fainted!</div><div class="spacer"></div><div>kanoncollins sent out <span class="battle-nickname-foe" title="Sandslash-Alola">Sandslash <small>(Sandslash-Alola)</small></span>!</div><h2>Turn 15</h2><div class="spacer"></div><div><span class="battle-nickname" title="Deoxys-Attack">Deoxys</span>, come back!</div><div class="spacer"></div><div>Go! <span class="battle-nickname" title="Houndoom-Mega">Houndoom <small>(Houndoom-Mega)</small></span>!</div><div class="spacer"></div><div>The opposing <span class="battle-nickname-foe" title="Sandslash-Alola">Sandslash</span> used <strong>Earthquake</strong>!</div><div><small>It's super effective! </small><small><span class="battle-nickname" title="Houndoom-Mega">Houndoom</span> lost 57% of its health!</small><br></div><h2>Turn 16</h2><div class="spacer"></div><div>kanoncollins withdrew <span class="battle-nickname-foe" title="Sandslash-Alola">Sandslash <small>(Sandslash-Alola)</small></span>!</div><div class="spacer"></div><div>kanoncollins sent out Flareon!</div><div class="spacer"></div><div><span class="battle-nickname" title="Houndoom-Mega">Houndoom</span> used <strong>Fire Blast</strong>!</div><div><small>It's not very effective... </small><small>The opposing <span class="battle-nickname-foe" title="Flareon">Flareon</span> lost 26% of its health!</small><br></div><div class="spacer"></div><div><small>The opposing <span class="battle-nickname-foe" title="Flareon">Flareon</span> was badly poisoned by the Toxic Orb!</small></div><h2>Turn 17</h2><div class="spacer"></div><div><span class="battle-nickname" title="Houndoom-Mega">Houndoom</span>, come back!</div><div class="spacer"></div><div>Go! Sigilyph!</div><div class="spacer"></div><div>The opposing <span class="battle-nickname-foe" title="Flareon">Flareon</span> used <strong>Facade</strong>!</div><div><small><span class="battle-nickname" title="Sigilyph">Sigilyph</span> lost 75% of its health!</small><br></div><div class="spacer"></div><div><small>The opposing <span class="battle-nickname-foe" title="Flareon">Flareon</span> was hurt by poison!</small></div><div><small><span class="battle-nickname" title="Sigilyph">Sigilyph</span> was burned by the Flame Orb!</small></div><h2>Turn 18</h2><div class="spacer"></div><div><span class="battle-nickname" title="Sigilyph">Sigilyph</span> used <strong>Roost</strong>!</div><div><small><span class="battle-nickname" title="Sigilyph">Sigilyph</span> restored its HP.</small></div><div class="spacer"></div><div>The opposing <span class="battle-nickname-foe" title="Flareon">Flareon</span> used <strong>Facade</strong>!</div><div><small><span class="battle-nickname" title="Sigilyph">Sigilyph</span> lost 75% of its health!</small><br></div><div class="spacer"></div><div><span class="battle-nickname" title="Sigilyph">Sigilyph</span> fainted!</div><div class="spacer"></div><div><small>The opposing <span class="battle-nickname-foe" title="Flareon">Flareon</span> was hurt by poison!</small></div><div class="spacer"></div><div>Go! <span class="battle-nickname" title="Deoxys-Attack">Deoxys <small>(Deoxys-Attack)</small></span>!</div><div><small>[<span class="battle-nickname" title="Deoxys-Attack">Deoxys</span>'s Pressure!]</small></div><div><small><span class="battle-nickname" title="Deoxys-Attack">Deoxys</span> is exerting its pressure!</small></div><h2>Turn 19</h2><div class="spacer"></div><div><span class="battle-nickname" title="Deoxys-Attack">Deoxys</span> used <strong>Psycho Boost</strong>!</div><div><small>The opposing <span class="battle-nickname-foe" title="Flareon">Flareon</span> lost 56% of its health!</small><br></div><div><small><span class="battle-nickname" title="Deoxys-Attack">Deoxys</span>'s Special Attack fell harshly! </small></div><div><small><span class="battle-nickname" title="Deoxys-Attack">Deoxys</span> lost some of its HP!</small></div><div class="spacer"></div><div>The opposing <span class="battle-nickname-foe" title="Flareon">Flareon</span> fainted!</div><div class="spacer"></div><div>kanoncollins sent out <span class="battle-nickname-foe" title="Sandslash-Alola">Sandslash <small>(Sandslash-Alola)</small></span>!</div><h2>Turn 20</h2><div class="spacer"></div><div><span class="battle-nickname" title="Deoxys-Attack">Deoxys</span> used <strong>Knock Off</strong>!</div><div><small>The opposing <span class="battle-nickname-foe" title="Sandslash-Alola">Sandslash</span> lost 39% of its health!</small><br></div><div><small><span class="battle-nickname" title="Deoxys-Attack">Deoxys</span> knocked off the opposing <span class="battle-nickname-foe" title="Sandslash-Alola">Sandslash</span>'s Assault Vest!</small></div><div><small><span class="battle-nickname" title="Deoxys-Attack">Deoxys</span> lost some of its HP!</small></div><div class="spacer"></div><div>The opposing <span class="battle-nickname-foe" title="Sandslash-Alola">Sandslash</span> used <strong>Earthquake</strong>!</div><div><small><span class="battle-nickname" title="Deoxys-Attack">Deoxys</span> lost 71% of its health!</small><br></div><div class="spacer"></div><div><span class="battle-nickname" title="Deoxys-Attack">Deoxys</span> fainted!</div><div class="spacer"></div><div>Go! <span class="battle-nickname" title="Houndoom-Mega">Houndoom <small>(Houndoom-Mega)</small></span>!</div><h2>Turn 21</h2><div class="spacer"></div><div><span class="battle-nickname" title="Houndoom-Mega">Houndoom</span> used <strong>Dark Pulse</strong>!</div><div><small>The opposing <span class="battle-nickname-foe" title="Sandslash-Alola">Sandslash</span> lost 51% of its health!</small><br></div><div class="spacer"></div><div>The opposing <span class="battle-nickname-foe" title="Sandslash-Alola">Sandslash</span> flinched and couldn't move!</div><h2>Turn 22</h2><div class="spacer"></div><div><span class="battle-nickname" title="Houndoom-Mega">Houndoom</span> used <strong>Dark Pulse</strong>!</div><div><small>The opposing <span class="battle-nickname-foe" title="Sandslash-Alola">Sandslash</span> lost 10% of its health!</small><br></div><div class="spacer"></div><div>The opposing <span class="battle-nickname-foe" title="Sandslash-Alola">Sandslash</span> fainted!</div><div class="spacer"></div><div>Absoldourado won the battle!</div><div class="chat"><small>kanoncollins left.</small></div><div class="chat">Absoldourado's rating: 1360 → <strong>1377</strong><br>(+17 for winning)</div><div class="chat">kanoncollins's rating: 1310 → <strong>1293</strong><br>(-17 for losing)</div></div></div>
</div>
<script>
var daily = Math.floor(Date.now()/1000/60/60/24);document.write('<script src="https://play.pokemonshowdown.com/js/replay-embed.js?version'+daily+'"></'+'script>');
</script>
