<!DOCTYPE html>
<meta charset="utf-8" />
<!-- version 1 -->
<title>[Gen 7] Random Battle replay: DAMIAN473 vs. AlienGeek96</title>
<style>
html,body {font-family:Verdana, sans-serif;font-size:10pt;margin:0;padding:0;}body{padding:12px 0;} .battle-log {font-family:Verdana, sans-serif;font-size:10pt;} .battle-log-inline {border:1px solid #AAAAAA;background:#EEF2F5;color:black;max-width:640px;margin:0 auto 80px;padding-bottom:5px;} .battle-log .inner {padding:4px 8px 0px 8px;} .battle-log .inner-preempt {padding:0 8px 4px 8px;} .battle-log .inner-after {margin-top:0.5em;} .battle-log h2 {margin:0.5em -8px;padding:4px 8px;border:1px solid #AAAAAA;background:#E0E7EA;border-left:0;border-right:0;font-family:Verdana, sans-serif;font-size:13pt;} .battle-log .chat {vertical-align:middle;padding:3px 0 3px 0;font-size:8pt;} .battle-log .chat strong {color:#40576A;} .battle-log .chat em {padding:1px 4px 1px 3px;color:#000000;font-style:normal;} .chat.mine {background:rgba(0,0,0,0.05);margin-left:-8px;margin-right:-8px;padding-left:8px;padding-right:8px;} .spoiler {color:#BBBBBB;background:#BBBBBB;padding:0px 3px;} .spoiler:hover, .spoiler:active, .spoiler-shown {color:#000000;background:#E2E2E2;padding:0px 3px;} .spoiler a {color:#BBBBBB;} .spoiler:hover a, .spoiler:active a, .spoiler-shown a {color:#2288CC;} .chat code, .chat .spoiler:hover code, .chat .spoiler:active code, .chat .spoiler-shown code {border:1px solid #C0C0C0;background:#EEEEEE;color:black;padding:0 2px;} .chat .spoiler code {border:1px solid #CCCCCC;background:#CCCCCC;color:#CCCCCC;} .battle-log .rated {padding:3px 4px;} .battle-log .rated strong {color:white;background:#89A;padding:1px 4px;border-radius:4px;} .spacer {margin-top:0.5em;} .message-announce {background:#6688AA;color:white;padding:1px 4px 2px;} .message-announce a, .broadcast-green a, .broadcast-blue a, .broadcast-red a {color:#DDEEFF;} .broadcast-green {background-color:#559955;color:white;padding:2px 4px;} .broadcast-blue {background-color:#6688AA;color:white;padding:2px 4px;} .infobox {border:1px solid #6688AA;padding:2px 4px;} .infobox-limited {max-height:200px;overflow:auto;overflow-x:hidden;} .broadcast-red {background-color:#AA5544;color:white;padding:2px 4px;} .message-learn-canlearn {font-weight:bold;color:#228822;text-decoration:underline;} .message-learn-cannotlearn {font-weight:bold;color:#CC2222;text-decoration:underline;} .message-effect-weak {font-weight:bold;color:#CC2222;} .message-effect-resist {font-weight:bold;color:#6688AA;} .message-effect-immune {font-weight:bold;color:#666666;} .message-learn-list {margin-top:0;margin-bottom:0;} .message-throttle-notice, .message-error {color:#992222;} .message-overflow, .chat small.message-overflow {font-size:0pt;} .message-overflow::before {font-size:9pt;content:'...';} .subtle {color:#3A4A66;}
</style>
<div class="wrapper replay-wrapper" style="max-width:1180px;margin:0 auto">
<input type="hidden" name="replayid" value="gen7randombattle-566949859" />
<div class="battle"></div><div class="battle-log"></div><div class="replay-controls"></div><div class="replay-controls-2"></div>
<h1 style="font-weight:normal;text-align:center"><strong>[Gen 7] Random Battle</strong><br /><a href="http://pokemonshowdown.com/users/damian473" class="subtle" target="_blank">DAMIAN473</a> vs. <a href="http://pokemonshowdown.com/users/aliengeek96" class="subtle" target="_blank">AlienGeek96</a></h1>
<script type="text/plain" class="battle-log-data">|j|DAMIAN473
|j|AlienGeek96
|player|p1|DAMIAN473|265
|player|p2|AlienGeek96|277
|gametype|singles
|gen|7
|tier|[Gen 7] Random Battle
|rated
|seed|49012,45796,64090,33295,35427,63115,62393,1635,63738,2897,60768,35460
|rule|Sleep Clause Mod: Limit one foe put to sleep
|rule|HP Percentage Mod: HP is shown in percentages
|
|start
|switch|p1a: Breloom|Breloom, L76, M|100\/100
|switch|p2a: Greninja|Greninja, L75, F|100\/100
|turn|1
|choice|move bulletseed|move icebeam
|
|move|p2a: Greninja|Ice Beam|p1a: Breloom
|-supereffective|p1a: Breloom
|-damage|p1a: Breloom|0 fnt
|faint|p1a: Breloom
|-activate|p2a: Greninja|ability: Battle Bond
|detailschange|p2a: Greninja|Greninja-Ash, L75, F
|
|upkeep
|inactive|Battle timer is ON: inactive players will automatically lose when time's up. (requested by AlienGeek96)
|choice|switch 2|
|
|switch|p1a: Butterfree|Butterfree, L79, F|100\/100
|turn|2
|choice|move airslash|move icebeam
|
|move|p2a: Greninja|Ice Beam|p1a: Butterfree
|-supereffective|p1a: Butterfree
|-damage|p1a: Butterfree|0 fnt
|faint|p1a: Butterfree
|
|upkeep
|choice|switch 5|
|
|switch|p1a: Lumineon|Lumineon, L79, F|100\/100
|turn|3
|choice|move toxic|switch 2
|
|switch|p2a: Celebi|Celebi, L77|100\/100
|move|p1a: Lumineon|Toxic|p2a: Celebi
|-status|p2a: Celebi|tox
|
|-damage|p2a: Celebi|94\/100 tox|[from] psn
|upkeep
|turn|4
|choice|move uturn|move healbell
|
|move|p2a: Celebi|Heal Bell|p2a: Celebi
|-activate|p2a: Celebi|move: Heal Bell
|-curestatus|p2a: Celebi|tox|[msg]
|move|p1a: Lumineon|U-turn|p2a: Celebi
|-supereffective|p2a: Celebi
|-damage|p2a: Celebi|46\/100
|choice|switch 6|
|
|switch|p1a: Carnivine|Carnivine, L79, F|100\/100
|
|-heal|p2a: Celebi|52\/100|[from] item: Leftovers
|upkeep
|turn|5
|choice|move powerwhip|switch 3
|
|switch|p2a: Deoxys|Deoxys-Attack, L73|100\/100
|-ability|p2a: Deoxys|Pressure
|move|p1a: Carnivine|Power Whip|p2a: Deoxys
|-damage|p2a: Deoxys|0 fnt
|faint|p2a: Deoxys
|
|upkeep
|choice||switch 2
|
|switch|p2a: Greninja|Greninja-Ash, L75, F|100\/100
|turn|6
|choice|move sleeppowder|move icebeam
|
|move|p2a: Greninja|Ice Beam|p1a: Carnivine
|-supereffective|p1a: Carnivine
|-damage|p1a: Carnivine|0 fnt
|faint|p1a: Carnivine
|
|upkeep
|choice|switch 6|
|
|switch|p1a: Lumineon|Lumineon, L79, F|100\/100
|turn|7
|choice|move uturn|switch 6
|
|switch|p2a: Slurpuff|Slurpuff, L79, M|100\/100
|move|p1a: Lumineon|U-turn|p2a: Slurpuff
|-resisted|p2a: Slurpuff
|-damage|p2a: Slurpuff|93\/100
|choice|switch 4|
|
|switch|p1a: Medicham|Medicham, L75, M|100\/100
|
|upkeep
|turn|8
|choice|move drainpunch|move playrough
|
|move|p1a: Medicham|Drain Punch|p2a: Slurpuff
|-resisted|p2a: Slurpuff
|-damage|p2a: Slurpuff|73\/100
|move|p2a: Slurpuff|Play Rough|p1a: Medicham
|-supereffective|p1a: Medicham
|-damage|p1a: Medicham|0 fnt
|-damage|p2a: Slurpuff|64\/100|[from] item: Life Orb
|faint|p1a: Medicham
|
|upkeep
|choice|switch 4|
|
|switch|p1a: Lumineon|Lumineon, L79, F|100\/100
|turn|9
|choice|move uturn|move drainpunch
|
|move|p1a: Lumineon|U-turn|p2a: Slurpuff
|-resisted|p2a: Slurpuff
|-damage|p2a: Slurpuff|57\/100
|choice|switch 3|
|
|switch|p1a: Yveltal|Yveltal, L73|100\/100
|-ability|p1a: Yveltal|Dark Aura
|move|p2a: Slurpuff|Drain Punch|p1a: Yveltal
|-damage|p1a: Yveltal|82\/100
|-heal|p2a: Slurpuff|68\/100|[from] drain|[of] p1a: Yveltal
|-damage|p2a: Slurpuff|58\/100|[from] item: Life Orb
|
|-heal|p1a: Yveltal|88\/100|[from] item: Leftovers
|upkeep
|turn|10
|choice|move hurricane|move playrough
|
|move|p1a: Yveltal|Hurricane|p2a: Slurpuff
|-damage|p2a: Slurpuff|3\/100
|move|p2a: Slurpuff|Play Rough|p1a: Yveltal
|-supereffective|p1a: Yveltal
|-damage|p1a: Yveltal|25\/100
|-damage|p2a: Slurpuff|0 fnt|[from] item: Life Orb
|faint|p2a: Slurpuff
|
|-heal|p1a: Yveltal|32\/100|[from] item: Leftovers
|upkeep
|choice||switch 4
|
|switch|p2a: Stunfisk|Stunfisk, L79, F|100\/100
|turn|11
|choice|move toxic|move discharge
|
|move|p1a: Yveltal|Toxic|p2a: Stunfisk
|-status|p2a: Stunfisk|tox
|move|p2a: Stunfisk|Discharge|p1a: Yveltal
|-supereffective|p1a: Yveltal
|-damage|p1a: Yveltal|0 fnt
|faint|p1a: Yveltal
|
|-damage|p2a: Stunfisk|95\/100 tox|[from] psn
|upkeep
|choice|switch 3|
|
|switch|p1a: Lumineon|Lumineon, L79, F|100\/100
|turn|12
|choice|move uturn|move discharge
|
|move|p1a: Lumineon|U-turn|p2a: Stunfisk
|-damage|p2a: Stunfisk|82\/100 tox
|move|p2a: Stunfisk|Discharge|p1a: Lumineon
|-supereffective|p1a: Lumineon
|-damage|p1a: Lumineon|37\/100
|-status|p1a: Lumineon|par
|
|-heal|p2a: Stunfisk|88\/100 tox|[from] item: Leftovers
|-heal|p1a: Lumineon|43\/100 par|[from] item: Leftovers
|-damage|p2a: Stunfisk|76\/100 tox|[from] psn
|upkeep
|turn|13
|choice|move scald|move discharge
|
|move|p2a: Stunfisk|Discharge|p1a: Lumineon
|-supereffective|p1a: Lumineon
|-damage|p1a: Lumineon|0 fnt
|faint|p1a: Lumineon
|
|win|AlienGeek96
|raw|DAMIAN473's rating: 1035 &rarr; <strong>1023<\/strong><br \/>(-12 for losing)
|raw|AlienGeek96's rating: 1115 &rarr; <strong>1134<\/strong><br \/>(+19 for winning)</script>
</div>
<div class="battle-log battle-log-inline"><div class="inner"><div class="chat"><small>DAMIAN473 joined.</small></div><div class="chat"><small>AlienGeek96 joined.</small></div><div style="padding:5px 0"><small>Format:</small> <br><strong>[Gen 7] Random Battle</strong></div><div class="rated"><strong>Rated battle</strong></div><div><small><em>Sleep Clause Mod:</em> Limit one foe put to sleep</small></div><div><small><em>HP Percentage Mod:</em> HP is shown in percentages</small></div><div>Battle between DAMIAN473 and AlienGeek96 started!</div><div class="spacer"></div><div>Go! Breloom!</div><div class="spacer"></div><div>AlienGeek96 sent out Greninja!</div><h2>Turn 1</h2><div class="spacer"></div><div>The opposing <span class="battle-nickname-foe" title="Greninja">Greninja</span> used <strong>Ice Beam</strong>!</div><div><small>It's super effective! </small><small><span class="battle-nickname" title="Breloom">Breloom</span> lost 100% of its health!</small><br></div><div class="spacer"></div><div><span class="battle-nickname" title="Breloom">Breloom</span> fainted!</div><div><small>[Opposing <span class="battle-nickname-foe" title="Greninja">Greninja</span>'s Battle Bond!]</small></div><div><small>The opposing <span class="battle-nickname-foe" title="Greninja">Greninja</span> became fully charged due to its bond with its Trainer!</small></div><div class="spacer"></div><div><small>The opposing <span class="battle-nickname-foe" title="Greninja-Ash">Greninja</span> became Ash-Greninja!</small></div><div class="chat message-error">Battle timer is ON: inactive players will automatically lose when time's up. (requested by AlienGeek96)</div><div class="spacer"></div><div>Go! Butterfree!</div><h2>Turn 2</h2><div class="spacer"></div><div>The opposing <span class="battle-nickname-foe" title="Greninja-Ash">Greninja</span> used <strong>Ice Beam</strong>!</div><div><small>It's super effective! </small><small><span class="battle-nickname" title="Butterfree">Butterfree</span> lost 100% of its health!</small><br></div><div class="spacer"></div><div><span class="battle-nickname" title="Butterfree">Butterfree</span> fainted!</div><div class="spacer"></div><div>Go! Lumineon!</div><h2>Turn 3</h2><div class="spacer"></div><div>AlienGeek96 withdrew <span class="battle-nickname-foe" title="Greninja-Ash">Greninja <small>(Greninja-Ash)</small></span>!</div><div class="spacer"></div><div>AlienGeek96 sent out Celebi!</div><div class="spacer"></div><div><span class="battle-nickname" title="Lumineon">Lumineon</span> used <strong>Toxic</strong>!</div><div><small>The opposing <span class="battle-nickname-foe" title="Celebi">Celebi</span> was badly poisoned!</small></div><div class="spacer"></div><div><small>The opposing <span class="battle-nickname-foe" title="Celebi">Celebi</span> was hurt by poison!</small></div><h2>Turn 4</h2><div class="spacer"></div><div>The opposing <span class="battle-nickname-foe" title="Celebi">Celebi</span> used <strong>Heal Bell</strong>!</div><div><small>A bell chimed!</small></div><div><small>The opposing <span class="battle-nickname-foe" title="Celebi">Celebi</span> was cured of its poisoning.</small></div><div class="spacer"></div><div><span class="battle-nickname" title="Lumineon">Lumineon</span> used <strong>U-turn</strong>!</div><div><small>It's super effective! </small><small>The opposing <span class="battle-nickname-foe" title="Celebi">Celebi</span> lost 48% of its health!</small><br></div><div class="spacer"></div><div><span class="battle-nickname" title="Lumineon">Lumineon</span> went back to DAMIAN473!</div><div class="spacer"></div><div>Go! Carnivine!</div><div class="spacer"></div><div><small>The opposing <span class="battle-nickname-foe" title="Celebi">Celebi</span> restored a little HP using its Leftovers!</small></div><h2>Turn 5</h2><div class="spacer"></div><div>AlienGeek96 withdrew Celebi!</div><div class="spacer"></div><div>AlienGeek96 sent out <span class="battle-nickname-foe" title="Deoxys-Attack">Deoxys <small>(Deoxys-Attack)</small></span>!</div><div><small>[Opposing <span class="battle-nickname-foe" title="Deoxys-Attack">Deoxys</span>'s Pressure!]</small></div><div><small>The opposing <span class="battle-nickname-foe" title="Deoxys-Attack">Deoxys</span> is exerting its pressure!</small></div><div class="spacer"></div><div><span class="battle-nickname" title="Carnivine">Carnivine</span> used <strong>Power Whip</strong>!</div><div><small>The opposing <span class="battle-nickname-foe" title="Deoxys-Attack">Deoxys</span> lost 100% of its health!</small><br></div><div class="spacer"></div><div>The opposing <span class="battle-nickname-foe" title="Deoxys-Attack">Deoxys</span> fainted!</div><div class="spacer"></div><div>AlienGeek96 sent out <span class="battle-nickname-foe" title="Greninja-Ash">Greninja <small>(Greninja-Ash)</small></span>!</div><h2>Turn 6</h2><div class="spacer"></div><div>The opposing <span class="battle-nickname-foe" title="Greninja-Ash">Greninja</span> used <strong>Ice Beam</strong>!</div><div><small>It's super effective! </small><small><span class="battle-nickname" title="Carnivine">Carnivine</span> lost 100% of its health!</small><br></div><div class="spacer"></div><div><span class="battle-nickname" title="Carnivine">Carnivine</span> fainted!</div><div class="spacer"></div><div>Go! Lumineon!</div><h2>Turn 7</h2><div class="spacer"></div><div>AlienGeek96 withdrew <span class="battle-nickname-foe" title="Greninja-Ash">Greninja <small>(Greninja-Ash)</small></span>!</div><div class="spacer"></div><div>AlienGeek96 sent out Slurpuff!</div><div class="spacer"></div><div><span class="battle-nickname" title="Lumineon">Lumineon</span> used <strong>U-turn</strong>!</div><div><small>It's not very effective... </small><small>The opposing <span class="battle-nickname-foe" title="Slurpuff">Slurpuff</span> lost 7% of its health!</small><br></div><div class="spacer"></div><div><span class="battle-nickname" title="Lumineon">Lumineon</span> went back to DAMIAN473!</div><div class="spacer"></div><div>Go! Medicham!</div><h2>Turn 8</h2><div class="spacer"></div><div><span class="battle-nickname" title="Medicham">Medicham</span> used <strong>Drain Punch</strong>!</div><div><small>It's not very effective... </small><small>The opposing <span class="battle-nickname-foe" title="Slurpuff">Slurpuff</span> lost 20% of its health!</small><br></div><div class="spacer"></div><div>The opposing <span class="battle-nickname-foe" title="Slurpuff">Slurpuff</span> used <strong>Play Rough</strong>!</div><div><small>It's super effective! </small><small><span class="battle-nickname" title="Medicham">Medicham</span> lost 100% of its health!</small><br></div><div><small>The opposing <span class="battle-nickname-foe" title="Slurpuff">Slurpuff</span> lost some of its HP!</small></div><div class="spacer"></div><div><span class="battle-nickname" title="Medicham">Medicham</span> fainted!</div><div class="spacer"></div><div>Go! Lumineon!</div><h2>Turn 9</h2><div class="spacer"></div><div><span class="battle-nickname" title="Lumineon">Lumineon</span> used <strong>U-turn</strong>!</div><div><small>It's not very effective... </small><small>The opposing <span class="battle-nickname-foe" title="Slurpuff">Slurpuff</span> lost 7% of its health!</small><br></div><div class="spacer"></div><div><span class="battle-nickname" title="Lumineon">Lumineon</span> went back to DAMIAN473!</div><div class="spacer"></div><div>Go! Yveltal!</div><div><small>[<span class="battle-nickname" title="Yveltal">Yveltal</span>'s Dark Aura!]</small></div><div><small><span class="battle-nickname" title="Yveltal">Yveltal</span> is radiating a dark aura!</small></div><div class="spacer"></div><div>The opposing <span class="battle-nickname-foe" title="Slurpuff">Slurpuff</span> used <strong>Drain Punch</strong>!</div><div><small><span class="battle-nickname" title="Yveltal">Yveltal</span> lost 18% of its health!</small><br></div><div><small><span class="battle-nickname" title="Yveltal">Yveltal</span> had its energy drained!</small></div><div><small>The opposing <span class="battle-nickname-foe" title="Slurpuff">Slurpuff</span> lost some of its HP!</small></div><div class="spacer"></div><div><small><span class="battle-nickname" title="Yveltal">Yveltal</span> restored a little HP using its Leftovers!</small></div><h2>Turn 10</h2><div class="spacer"></div><div><span class="battle-nickname" title="Yveltal">Yveltal</span> used <strong>Hurricane</strong>!</div><div><small>The opposing <span class="battle-nickname-foe" title="Slurpuff">Slurpuff</span> lost 54% of its health!</small><br></div><div class="spacer"></div><div>The opposing <span class="battle-nickname-foe" title="Slurpuff">Slurpuff</span> used <strong>Play Rough</strong>!</div><div><small>It's super effective! </small><small><span class="battle-nickname" title="Yveltal">Yveltal</span> lost 63% of its health!</small><br></div><div><small>The opposing <span class="battle-nickname-foe" title="Slurpuff">Slurpuff</span> lost some of its HP!</small></div><div class="spacer"></div><div>The opposing <span class="battle-nickname-foe" title="Slurpuff">Slurpuff</span> fainted!</div><div class="spacer"></div><div><small><span class="battle-nickname" title="Yveltal">Yveltal</span> restored a little HP using its Leftovers!</small></div><div class="spacer"></div><div>AlienGeek96 sent out Stunfisk!</div><h2>Turn 11</h2><div class="spacer"></div><div><span class="battle-nickname" title="Yveltal">Yveltal</span> used <strong>Toxic</strong>!</div><div><small>The opposing <span class="battle-nickname-foe" title="Stunfisk">Stunfisk</span> was badly poisoned!</small></div><div class="spacer"></div><div>The opposing <span class="battle-nickname-foe" title="Stunfisk">Stunfisk</span> used <strong>Discharge</strong>!</div><div><small>It's super effective! </small><small><span class="battle-nickname" title="Yveltal">Yveltal</span> lost 32% of its health!</small><br></div><div class="spacer"></div><div><span class="battle-nickname" title="Yveltal">Yveltal</span> fainted!</div><div class="spacer"></div><div><small>The opposing <span class="battle-nickname-foe" title="Stunfisk">Stunfisk</span> was hurt by poison!</small></div><div class="spacer"></div><div>Go! Lumineon!</div><h2>Turn 12</h2><div class="spacer"></div><div><span class="battle-nickname" title="Lumineon">Lumineon</span> used <strong>U-turn</strong>!</div><div><small>The opposing <span class="battle-nickname-foe" title="Stunfisk">Stunfisk</span> lost 13% of its health!</small><br></div><div class="spacer"></div><div>The opposing <span class="battle-nickname-foe" title="Stunfisk">Stunfisk</span> used <strong>Discharge</strong>!</div><div><small>It's super effective! </small><small><span class="battle-nickname" title="Lumineon">Lumineon</span> lost 63% of its health!</small><br></div><div><small><span class="battle-nickname" title="Lumineon">Lumineon</span> is paralyzed! It may be unable to move!</small></div><div class="spacer"></div><div><small>The opposing <span class="battle-nickname-foe" title="Stunfisk">Stunfisk</span> restored a little HP using its Leftovers!</small></div><div><small><span class="battle-nickname" title="Lumineon">Lumineon</span> restored a little HP using its Leftovers!</small></div><div><small>The opposing <span class="battle-nickname-foe" title="Stunfisk">Stunfisk</span> was hurt by poison!</small></div><h2>Turn 13</h2><div class="spacer"></div><div>The opposing <span class="battle-nickname-foe" title="Stunfisk">Stunfisk</span> used <strong>Discharge</strong>!</div><div><small>It's super effective! </small><small><span class="battle-nickname" title="Lumineon">Lumineon</span> lost 43% of its health!</small><br></div><div class="spacer"></div><div><span class="battle-nickname" title="Lumineon">Lumineon</span> fainted!</div><div class="spacer"></div><div>AlienGeek96 won the battle!</div><div class="chat">DAMIAN473's rating: 1035 → <strong>1023</strong><br>(-12 for losing)</div><div class="chat">AlienGeek96's rating: 1115 → <strong>1134</strong><br>(+19 for winning)</div></div></div>
</div>
<script>
var daily = Math.floor(Date.now()/1000/60/60/24);document.write('<script src="https://play.pokemonshowdown.com/js/replay-embed.js?version'+daily+'"></'+'script>');
</script>
