<!DOCTYPE html>
<meta charset="utf-8" />
<!-- version 1 -->
<title>[Gen 7] Random Battle replay: GentleJellicent vs. icecreamsunday1299</title>
<style>
html,body {font-family:Verdana, sans-serif;font-size:10pt;margin:0;padding:0;}body{padding:12px 0;} .battle-log {font-family:Verdana, sans-serif;font-size:10pt;} .battle-log-inline {border:1px solid #AAAAAA;background:#EEF2F5;color:black;max-width:640px;margin:0 auto 80px;padding-bottom:5px;} .battle-log .inner {padding:4px 8px 0px 8px;} .battle-log .inner-preempt {padding:0 8px 4px 8px;} .battle-log .inner-after {margin-top:0.5em;} .battle-log h2 {margin:0.5em -8px;padding:4px 8px;border:1px solid #AAAAAA;background:#E0E7EA;border-left:0;border-right:0;font-family:Verdana, sans-serif;font-size:13pt;} .battle-log .chat {vertical-align:middle;padding:3px 0 3px 0;font-size:8pt;} .battle-log .chat strong {color:#40576A;} .battle-log .chat em {padding:1px 4px 1px 3px;color:#000000;font-style:normal;} .chat.mine {background:rgba(0,0,0,0.05);margin-left:-8px;margin-right:-8px;padding-left:8px;padding-right:8px;} .spoiler {color:#BBBBBB;background:#BBBBBB;padding:0px 3px;} .spoiler:hover, .spoiler:active, .spoiler-shown {color:#000000;background:#E2E2E2;padding:0px 3px;} .spoiler a {color:#BBBBBB;} .spoiler:hover a, .spoiler:active a, .spoiler-shown a {color:#2288CC;} .chat code, .chat .spoiler:hover code, .chat .spoiler:active code, .chat .spoiler-shown code {border:1px solid #C0C0C0;background:#EEEEEE;color:black;padding:0 2px;} .chat .spoiler code {border:1px solid #CCCCCC;background:#CCCCCC;color:#CCCCCC;} .battle-log .rated {padding:3px 4px;} .battle-log .rated strong {color:white;background:#89A;padding:1px 4px;border-radius:4px;} .spacer {margin-top:0.5em;} .message-announce {background:#6688AA;color:white;padding:1px 4px 2px;} .message-announce a, .broadcast-green a, .broadcast-blue a, .broadcast-red a {color:#DDEEFF;} .broadcast-green {background-color:#559955;color:white;padding:2px 4px;} .broadcast-blue {background-color:#6688AA;color:white;padding:2px 4px;} .infobox {border:1px solid #6688AA;padding:2px 4px;} .infobox-limited {max-height:200px;overflow:auto;overflow-x:hidden;} .broadcast-red {background-color:#AA5544;color:white;padding:2px 4px;} .message-learn-canlearn {font-weight:bold;color:#228822;text-decoration:underline;} .message-learn-cannotlearn {font-weight:bold;color:#CC2222;text-decoration:underline;} .message-effect-weak {font-weight:bold;color:#CC2222;} .message-effect-resist {font-weight:bold;color:#6688AA;} .message-effect-immune {font-weight:bold;color:#666666;} .message-learn-list {margin-top:0;margin-bottom:0;} .message-throttle-notice, .message-error {color:#992222;} .message-overflow, .chat small.message-overflow {font-size:0pt;} .message-overflow::before {font-size:9pt;content:'...';} .subtle {color:#3A4A66;}
</style>
<div class="wrapper replay-wrapper" style="max-width:1180px;margin:0 auto">
<input type="hidden" name="replayid" value="gen7randombattle-566879070" />
<div class="battle"></div><div class="battle-log"></div><div class="replay-controls"></div><div class="replay-controls-2"></div>
<h1 style="font-weight:normal;text-align:center"><strong>[Gen 7] Random Battle</strong><br /><a href="http://pokemonshowdown.com/users/gentlejellicent" class="subtle" target="_blank">GentleJellicent</a> vs. <a href="http://pokemonshowdown.com/users/icecreamsunday1299" class="subtle" target="_blank">icecreamsunday1299</a></h1>
<script type="text/plain" class="battle-log-data">|j|GentleJellicent
|j|icecreamsunday1299
|player|p1|GentleJellicent|273
|player|p2|icecreamsunday1299|2
|gametype|singles
|gen|7
|tier|[Gen 7] Random Battle
|seed|42623,57585,58619,7248,20392,22232,44803,1802,39869,50062,45269,35698
|rule|Sleep Clause Mod: Limit one foe put to sleep
|rule|HP Percentage Mod: HP is shown in percentages
|
|start
|switch|p1a: Manectric|Manectric, L75, M|100\/100
|switch|p2a: Empoleon|Empoleon, L77, M|100\/100
|turn|1
|choice|move voltswitch mega|move toxic
|
|detailschange|p1a: Manectric|Manectric-Mega, L75, M
|-mega|p1a: Manectric|Manectric|Manectite
|-ability|p1a: Manectric|Intimidate|boost
|-unboost|p2a: Empoleon|atk|1
|move|p1a: Manectric|Volt Switch|p2a: Empoleon
|-supereffective|p2a: Empoleon
|-damage|p2a: Empoleon|37\/100
|choice|switch 2|
|
|switch|p1a: Corsola|Corsola, L79, M|100\/100
|-item|p1a: Corsola|Air Balloon
|move|p2a: Empoleon|Toxic|p1a: Corsola
|-status|p1a: Corsola|tox
|
|-damage|p1a: Corsola|94\/100 tox|[from] psn
|upkeep
|turn|2
|choice|move powergem|move hydropump
|
|move|p2a: Empoleon|Hydro Pump|p1a: Corsola|[miss]
|-miss|p2a: Empoleon|p1a: Corsola
|move|p1a: Corsola|Power Gem|p2a: Empoleon
|-resisted|p2a: Empoleon
|-damage|p2a: Empoleon|27\/100
|
|-damage|p1a: Corsola|82\/100 tox|[from] psn
|upkeep
|turn|3
|choice|move scald|move hiddenpower
|
|move|p2a: Empoleon|Hidden Power|p1a: Corsola
|-resisted|p1a: Corsola
|-damage|p1a: Corsola|79\/100 tox
|-enditem|p1a: Corsola|Air Balloon
|move|p1a: Corsola|Scald|p2a: Empoleon
|-resisted|p2a: Empoleon
|-damage|p2a: Empoleon|17\/100
|-status|p2a: Empoleon|brn
|
|-damage|p2a: Empoleon|10\/100 brn|[from] brn
|-damage|p1a: Corsola|60\/100 tox|[from] psn
|upkeep
|turn|4
|choice|move recover|move roar
|
|move|p1a: Corsola|Recover|p1a: Corsola
|-heal|p1a: Corsola|100\/100 tox
|move|p2a: Empoleon|Roar|p1a: Corsola
|drag|p1a: Flygon|Flygon, L79, F|100\/100
|
|-damage|p2a: Empoleon|4\/100 brn|[from] brn
|upkeep
|turn|5
|choice|move earthquake|move toxic
|
|move|p1a: Flygon|Earthquake|p2a: Empoleon
|-supereffective|p2a: Empoleon
|-damage|p2a: Empoleon|0 fnt
|faint|p2a: Empoleon
|
|upkeep
|choice||switch 2
|
|switch|p2a: Musharna|Musharna, L75, F|100\/100
|turn|6
|choice|move dragondance|move batonpass
|
|move|p1a: Flygon|Dragon Dance|p1a: Flygon
|-boost|p1a: Flygon|atk|1
|-boost|p1a: Flygon|spe|1
|move|p2a: Musharna|Baton Pass|p2a: Musharna
|choice||switch 3
|
|switch|p2a: Minior|Minior, L79|100\/100
|-formechange|p2a: Minior|Minior-Meteor|[from] ability: Shields Down
|
|upkeep
|turn|7
|choice|move dragondance|move powergem
|
|move|p1a: Flygon|Dragon Dance|p1a: Flygon
|-boost|p1a: Flygon|atk|1
|-boost|p1a: Flygon|spe|1
|move|p2a: Minior|Power Gem|p1a: Flygon
|-resisted|p1a: Flygon
|-crit|p1a: Flygon
|-damage|p1a: Flygon|83\/100
|
|upkeep
|turn|8
|choice|move dragondance|move shellsmash
|
|move|p1a: Flygon|Dragon Dance|p1a: Flygon
|-boost|p1a: Flygon|atk|1
|-boost|p1a: Flygon|spe|1
|move|p2a: Minior|Shell Smash|p2a: Minior
|-unboost|p2a: Minior|def|1
|-unboost|p2a: Minior|spd|1
|-boost|p2a: Minior|atk|2
|-boost|p2a: Minior|spa|2
|-boost|p2a: Minior|spe|2
|-enditem|p2a: Minior|White Herb
|-clearnegativeboost|p2a: Minior|[silent]
|
|upkeep
|turn|9
|choice|move outrage|move acrobatics
|
|move|p1a: Flygon|Outrage|p2a: Minior
|-damage|p2a: Minior|0 fnt
|faint|p2a: Minior
|
|upkeep
|choice||switch 3
|
|switch|p2a: Musharna|Musharna, L75, F|100\/100
|turn|10
|choice|move outrage|move calmmind
|
|move|p1a: Flygon|Outrage|p2a: Musharna|[from]lockedmove
|-damage|p2a: Musharna|0 fnt
|faint|p2a: Musharna
|
|upkeep
|choice||switch 4
|
|switch|p2a: Palkia|Palkia, L73|100\/100
|-ability|p2a: Palkia|Pressure
|turn|11
|choice|move outrage|move hydropump
|
|move|p1a: Flygon|Outrage|p2a: Palkia|[from]lockedmove
|-supereffective|p2a: Palkia
|-damage|p2a: Palkia|0 fnt
|-start|p1a: Flygon|confusion|[fatigue]
|faint|p2a: Palkia
|-enditem|p1a: Flygon|Lum Berry|[eat]
|-end|p1a: Flygon|confusion
|
|upkeep
|choice||switch 5
|
|switch|p2a: Celebi|Celebi, L77|100\/100
|turn|12
|choice|move outrage|move leafstorm
|
|move|p1a: Flygon|Outrage|p2a: Celebi
|-damage|p2a: Celebi|3\/100
|move|p2a: Celebi|Leaf Storm|p1a: Flygon
|-damage|p1a: Flygon|31\/100
|-unboost|p2a: Celebi|spa|2
|
|upkeep
|turn|13
|choice|move outrage|move leafstorm
|
|move|p1a: Flygon|Outrage|p2a: Celebi|[from]lockedmove
|-damage|p2a: Celebi|0 fnt
|-start|p1a: Flygon|confusion|[fatigue]
|faint|p2a: Celebi
|
|upkeep
|choice||switch 6
|
|switch|p2a: Sylveon|Sylveon, L77, M|100\/100
|turn|14
|choice|move earthquake|move hypervoice
|
|-activate|p1a: Flygon|confusion
|move|p1a: Flygon|Earthquake|p2a: Sylveon
|-damage|p2a: Sylveon|0 fnt
|faint|p2a: Sylveon
|
|win|GentleJellicent</script>
</div>
<div class="battle-log battle-log-inline"><div class="inner"><div class="chat"><small>GentleJellicent joined.</small></div><div class="chat"><small>icecreamsunday1299 joined.</small></div><div style="padding:5px 0"><small>Format:</small> <br><strong>[Gen 7] Random Battle</strong></div><div><small><em>Sleep Clause Mod:</em> Limit one foe put to sleep</small></div><div><small><em>HP Percentage Mod:</em> HP is shown in percentages</small></div><div>Battle between GentleJellicent and icecreamsunday1299 started!</div><div class="spacer"></div><div>Go! Manectric!</div><div class="spacer"></div><div>icecreamsunday1299 sent out Empoleon!</div><h2>Turn 1</h2><div class="spacer"></div><div><small><span class="battle-nickname" title="Manectric-Mega">Manectric</span>'s Manectite is reacting to GentleJellicent's Mega Bracelet!<br><span class="battle-nickname" title="Manectric-Mega">Manectric</span> has Mega Evolved into Mega Manectric!</small></div><div><small>[<span class="battle-nickname" title="Manectric-Mega">Manectric</span>'s Intimidate!]</small></div><div><small>The opposing <span class="battle-nickname-foe" title="Empoleon">Empoleon</span>'s Attack fell! </small></div><div class="spacer"></div><div><span class="battle-nickname" title="Manectric-Mega">Manectric</span> used <strong>Volt Switch</strong>!</div><div><small>It's super effective! </small><small>The opposing <span class="battle-nickname-foe" title="Empoleon">Empoleon</span> lost 63% of its health!</small><br></div><div class="spacer"></div><div><span class="battle-nickname" title="Manectric-Mega">Manectric</span> went back to GentleJellicent!</div><div class="spacer"></div><div>Go! Corsola!</div><div><small><span class="battle-nickname" title="Corsola">Corsola</span> floats in the air with its Air Balloon!</small></div><div class="spacer"></div><div>The opposing <span class="battle-nickname-foe" title="Empoleon">Empoleon</span> used <strong>Toxic</strong>!</div><div><small><span class="battle-nickname" title="Corsola">Corsola</span> was badly poisoned!</small></div><div class="spacer"></div><div><small><span class="battle-nickname" title="Corsola">Corsola</span> was hurt by poison!</small></div><h2>Turn 2</h2><div class="spacer"></div><div>The opposing <span class="battle-nickname-foe" title="Empoleon">Empoleon</span> used <strong>Hydro Pump</strong>!</div><div><small><span class="battle-nickname" title="Corsola">Corsola</span> avoided the attack!</small></div><div class="spacer"></div><div><span class="battle-nickname" title="Corsola">Corsola</span> used <strong>Power Gem</strong>!</div><div><small>It's not very effective... </small><small>The opposing <span class="battle-nickname-foe" title="Empoleon">Empoleon</span> lost 10% of its health!</small><br></div><div class="spacer"></div><div><small><span class="battle-nickname" title="Corsola">Corsola</span> was hurt by poison!</small></div><h2>Turn 3</h2><div class="spacer"></div><div>The opposing <span class="battle-nickname-foe" title="Empoleon">Empoleon</span> used <strong>Hidden Power</strong>!</div><div><small>It's not very effective... </small><small><span class="battle-nickname" title="Corsola">Corsola</span> lost 3% of its health!</small><br></div><div><small><span class="battle-nickname" title="Corsola">Corsola</span>'s Air Balloon popped!</small></div><div class="spacer"></div><div><span class="battle-nickname" title="Corsola">Corsola</span> used <strong>Scald</strong>!</div><div><small>It's not very effective... </small><small>The opposing <span class="battle-nickname-foe" title="Empoleon">Empoleon</span> lost 10% of its health!</small><br></div><div><small>The opposing <span class="battle-nickname-foe" title="Empoleon">Empoleon</span> was burned!</small></div><div class="spacer"></div><div><small>The opposing <span class="battle-nickname-foe" title="Empoleon">Empoleon</span> was hurt by its burn!</small></div><div><small><span class="battle-nickname" title="Corsola">Corsola</span> was hurt by poison!</small></div><h2>Turn 4</h2><div class="spacer"></div><div><span class="battle-nickname" title="Corsola">Corsola</span> used <strong>Recover</strong>!</div><div><small><span class="battle-nickname" title="Corsola">Corsola</span> restored its HP.</small></div><div class="spacer"></div><div>The opposing <span class="battle-nickname-foe" title="Empoleon">Empoleon</span> used <strong>Roar</strong>!</div><div class="spacer"></div><div>Flygon was dragged out!</div><div class="spacer"></div><div><small>The opposing <span class="battle-nickname-foe" title="Empoleon">Empoleon</span> was hurt by its burn!</small></div><h2>Turn 5</h2><div class="spacer"></div><div><span class="battle-nickname" title="Flygon">Flygon</span> used <strong>Earthquake</strong>!</div><div><small>It's super effective! </small><small>The opposing <span class="battle-nickname-foe" title="Empoleon">Empoleon</span> lost 4% of its health!</small><br></div><div class="spacer"></div><div>The opposing <span class="battle-nickname-foe" title="Empoleon">Empoleon</span> fainted!</div><div class="spacer"></div><div>icecreamsunday1299 sent out Musharna!</div><h2>Turn 6</h2><div class="spacer"></div><div><span class="battle-nickname" title="Flygon">Flygon</span> used <strong>Dragon Dance</strong>!</div><div><small><span class="battle-nickname" title="Flygon">Flygon</span>'s Attack rose! <span class="battle-nickname" title="Flygon">Flygon</span>'s Speed rose! </small></div><div class="spacer"></div><div>The opposing <span class="battle-nickname-foe" title="Musharna">Musharna</span> used <strong>Baton Pass</strong>!</div><div class="spacer"></div><div>icecreamsunday1299 sent out Minior!</div><div><small>[Opposing <span class="battle-nickname-foe" title="Minior">Minior</span>'s Shields Down!]</small></div><div><small>Shields Down deactivated!</small></div><h2>Turn 7</h2><div class="spacer"></div><div><span class="battle-nickname" title="Flygon">Flygon</span> used <strong>Dragon Dance</strong>!</div><div><small><span class="battle-nickname" title="Flygon">Flygon</span>'s Attack rose! <span class="battle-nickname" title="Flygon">Flygon</span>'s Speed rose! </small></div><div class="spacer"></div><div>The opposing <span class="battle-nickname-foe" title="Minior">Minior</span> used <strong>Power Gem</strong>!</div><div><small>It's not very effective... A critical hit! </small><small><span class="battle-nickname" title="Flygon">Flygon</span> lost 17% of its health!</small><br></div><h2>Turn 8</h2><div class="spacer"></div><div><span class="battle-nickname" title="Flygon">Flygon</span> used <strong>Dragon Dance</strong>!</div><div><small><span class="battle-nickname" title="Flygon">Flygon</span>'s Attack rose! <span class="battle-nickname" title="Flygon">Flygon</span>'s Speed rose! </small></div><div class="spacer"></div><div>The opposing <span class="battle-nickname-foe" title="Minior">Minior</span> used <strong>Shell Smash</strong>!</div><div><small>The opposing <span class="battle-nickname-foe" title="Minior">Minior</span>'s Defense fell! The opposing <span class="battle-nickname-foe" title="Minior">Minior</span>'s Special Defense fell! </small></div><div><small>The opposing <span class="battle-nickname-foe" title="Minior">Minior</span>'s Attack rose sharply! The opposing <span class="battle-nickname-foe" title="Minior">Minior</span>'s Special Attack rose sharply! The opposing <span class="battle-nickname-foe" title="Minior">Minior</span>'s Speed rose sharply! </small></div><div><small>The opposing <span class="battle-nickname-foe" title="Minior">Minior</span> returned its status to normal using its White Herb!</small></div><h2>Turn 9</h2><div class="spacer"></div><div><span class="battle-nickname" title="Flygon">Flygon</span> used <strong>Outrage</strong>!</div><div><small>The opposing <span class="battle-nickname-foe" title="Minior">Minior</span> lost 100% of its health!</small><br></div><div class="spacer"></div><div>The opposing <span class="battle-nickname-foe" title="Minior">Minior</span> fainted!</div><div class="spacer"></div><div>icecreamsunday1299 sent out Musharna!</div><h2>Turn 10</h2><div class="spacer"></div><div><span class="battle-nickname" title="Flygon">Flygon</span> used <strong>Outrage</strong>!</div><div><small>The opposing <span class="battle-nickname-foe" title="Musharna">Musharna</span> lost 100% of its health!</small><br></div><div class="spacer"></div><div>The opposing <span class="battle-nickname-foe" title="Musharna">Musharna</span> fainted!</div><div class="spacer"></div><div>icecreamsunday1299 sent out Palkia!</div><div><small>[Opposing <span class="battle-nickname-foe" title="Palkia">Palkia</span>'s Pressure!]</small></div><div><small>The opposing <span class="battle-nickname-foe" title="Palkia">Palkia</span> is exerting its pressure!</small></div><h2>Turn 11</h2><div class="spacer"></div><div><span class="battle-nickname" title="Flygon">Flygon</span> used <strong>Outrage</strong>!</div><div><small>It's super effective! </small><small>The opposing <span class="battle-nickname-foe" title="Palkia">Palkia</span> lost 100% of its health!</small><br></div><div><small><span class="battle-nickname" title="Flygon">Flygon</span> became confused due to fatigue!</small></div><div class="spacer"></div><div>The opposing <span class="battle-nickname-foe" title="Palkia">Palkia</span> fainted!</div><div><small><span class="battle-nickname" title="Flygon">Flygon</span> ate its Lum Berry!</small></div><div><small><span class="battle-nickname" title="Flygon">Flygon</span> snapped out of its confusion.</small></div><div class="spacer"></div><div>icecreamsunday1299 sent out Celebi!</div><h2>Turn 12</h2><div class="spacer"></div><div><span class="battle-nickname" title="Flygon">Flygon</span> used <strong>Outrage</strong>!</div><div><small>The opposing <span class="battle-nickname-foe" title="Celebi">Celebi</span> lost 97% of its health!</small><br></div><div class="spacer"></div><div>The opposing <span class="battle-nickname-foe" title="Celebi">Celebi</span> used <strong>Leaf Storm</strong>!</div><div><small><span class="battle-nickname" title="Flygon">Flygon</span> lost 52% of its health!</small><br></div><div><small>The opposing <span class="battle-nickname-foe" title="Celebi">Celebi</span>'s Special Attack fell harshly! </small></div><h2>Turn 13</h2><div class="spacer"></div><div><span class="battle-nickname" title="Flygon">Flygon</span> used <strong>Outrage</strong>!</div><div><small>The opposing <span class="battle-nickname-foe" title="Celebi">Celebi</span> lost 3% of its health!</small><br></div><div><small><span class="battle-nickname" title="Flygon">Flygon</span> became confused due to fatigue!</small></div><div class="spacer"></div><div>The opposing <span class="battle-nickname-foe" title="Celebi">Celebi</span> fainted!</div><div class="spacer"></div><div>icecreamsunday1299 sent out Sylveon!</div><h2>Turn 14</h2><div class="spacer"></div><div><small><span class="battle-nickname" title="Flygon">Flygon</span> is confused!</small></div><div class="spacer"></div><div><span class="battle-nickname" title="Flygon">Flygon</span> used <strong>Earthquake</strong>!</div><div><small>The opposing <span class="battle-nickname-foe" title="Sylveon">Sylveon</span> lost 100% of its health!</small><br></div><div class="spacer"></div><div>The opposing <span class="battle-nickname-foe" title="Sylveon">Sylveon</span> fainted!</div><div class="spacer"></div><div>GentleJellicent won the battle!</div></div></div>
</div>
<script>
var daily = Math.floor(Date.now()/1000/60/60/24);document.write('<script src="https://play.pokemonshowdown.com/js/replay-embed.js?version'+daily+'"></'+'script>');
</script>
