<!DOCTYPE html>
<meta charset="utf-8" />
<!-- version 1 -->
<title>[Gen 7] Random Battle replay: Aldebaryan vs. Dyonisius</title>
<style>
html,body {font-family:Verdana, sans-serif;font-size:10pt;margin:0;padding:0;}body{padding:12px 0;} .battle-log {font-family:Verdana, sans-serif;font-size:10pt;} .battle-log-inline {border:1px solid #AAAAAA;background:#EEF2F5;color:black;max-width:640px;margin:0 auto 80px;padding-bottom:5px;} .battle-log .inner {padding:4px 8px 0px 8px;} .battle-log .inner-preempt {padding:0 8px 4px 8px;} .battle-log .inner-after {margin-top:0.5em;} .battle-log h2 {margin:0.5em -8px;padding:4px 8px;border:1px solid #AAAAAA;background:#E0E7EA;border-left:0;border-right:0;font-family:Verdana, sans-serif;font-size:13pt;} .battle-log .chat {vertical-align:middle;padding:3px 0 3px 0;font-size:8pt;} .battle-log .chat strong {color:#40576A;} .battle-log .chat em {padding:1px 4px 1px 3px;color:#000000;font-style:normal;} .chat.mine {background:rgba(0,0,0,0.05);margin-left:-8px;margin-right:-8px;padding-left:8px;padding-right:8px;} .spoiler {color:#BBBBBB;background:#BBBBBB;padding:0px 3px;} .spoiler:hover, .spoiler:active, .spoiler-shown {color:#000000;background:#E2E2E2;padding:0px 3px;} .spoiler a {color:#BBBBBB;} .spoiler:hover a, .spoiler:active a, .spoiler-shown a {color:#2288CC;} .chat code, .chat .spoiler:hover code, .chat .spoiler:active code, .chat .spoiler-shown code {border:1px solid #C0C0C0;background:#EEEEEE;color:black;padding:0 2px;} .chat .spoiler code {border:1px solid #CCCCCC;background:#CCCCCC;color:#CCCCCC;} .battle-log .rated {padding:3px 4px;} .battle-log .rated strong {color:white;background:#89A;padding:1px 4px;border-radius:4px;} .spacer {margin-top:0.5em;} .message-announce {background:#6688AA;color:white;padding:1px 4px 2px;} .message-announce a, .broadcast-green a, .broadcast-blue a, .broadcast-red a {color:#DDEEFF;} .broadcast-green {background-color:#559955;color:white;padding:2px 4px;} .broadcast-blue {background-color:#6688AA;color:white;padding:2px 4px;} .infobox {border:1px solid #6688AA;padding:2px 4px;} .infobox-limited {max-height:200px;overflow:auto;overflow-x:hidden;} .broadcast-red {background-color:#AA5544;color:white;padding:2px 4px;} .message-learn-canlearn {font-weight:bold;color:#228822;text-decoration:underline;} .message-learn-cannotlearn {font-weight:bold;color:#CC2222;text-decoration:underline;} .message-effect-weak {font-weight:bold;color:#CC2222;} .message-effect-resist {font-weight:bold;color:#6688AA;} .message-effect-immune {font-weight:bold;color:#666666;} .message-learn-list {margin-top:0;margin-bottom:0;} .message-throttle-notice, .message-error {color:#992222;} .message-overflow, .chat small.message-overflow {font-size:0pt;} .message-overflow::before {font-size:9pt;content:'...';} .subtle {color:#3A4A66;}
</style>
<div class="wrapper replay-wrapper" style="max-width:1180px;margin:0 auto">
<input type="hidden" name="replayid" value="gen7randombattle-566600852" />
<div class="battle"></div><div class="battle-log"></div><div class="replay-controls"></div><div class="replay-controls-2"></div>
<h1 style="font-weight:normal;text-align:center"><strong>[Gen 7] Random Battle</strong><br /><a href="http://pokemonshowdown.com/users/aldebaryan" class="subtle" target="_blank">Aldebaryan</a> vs. <a href="http://pokemonshowdown.com/users/dyonisius" class="subtle" target="_blank">Dyonisius</a></h1>
<script type="text/plain" class="battle-log-data">|j|Aldebaryan
|j|Dyonisius
|player|p1|Aldebaryan|156
|player|p2|Dyonisius|165
|gametype|singles
|gen|7
|tier|[Gen 7] Random Battle
|seed|10599,21744,17395,38018,56297,65205,55119,44016,56344,54007,65020,46834
|rule|Sleep Clause Mod: Limit one foe put to sleep
|rule|HP Percentage Mod: HP is shown in percentages
|
|start
|switch|p1a: Chatot|Chatot, L79, F|100\/100
|switch|p2a: Milotic|Milotic, L79, F|100\/100
|turn|1
|choice|switch 6|switch 3
|
|switch|p1a: Togedemaru|Togedemaru, L79, M|100\/100
|-item|p1a: Togedemaru|Air Balloon
|switch|p2a: Corsola|Corsola, L79, F|100\/100
|-item|p2a: Corsola|Air Balloon
|
|upkeep
|turn|2
|choice|move spikyshield|move stealthrock
|
|move|p1a: Togedemaru|Spiky Shield|p1a: Togedemaru
|-singleturn|p1a: Togedemaru|move: Protect
|move|p2a: Corsola|Stealth Rock|p1a: Togedemaru
|-sidestart|p1: Aldebaryan|move: Stealth Rock
|
|upkeep
|turn|3
|choice|move zingzap|move toxic
|
|move|p1a: Togedemaru|Zing Zap|p2a: Corsola
|-supereffective|p2a: Corsola
|-damage|p2a: Corsola|31\/100
|-enditem|p2a: Corsola|Air Balloon
|move|p2a: Corsola|Toxic|p1a: Togedemaru
|-immune|p1a: Togedemaru|[msg]
|
|upkeep
|turn|4
|choice|move zingzap|switch 2
|
|switch|p2a: Tangrowth|Tangrowth, L75, M|100\/100
|move|p1a: Togedemaru|Zing Zap|p2a: Tangrowth
|-resisted|p2a: Tangrowth
|-damage|p2a: Tangrowth|88\/100
|
|upkeep
|turn|5
|choice|switch 5|move earthquake
|
|switch|p1a: Simisear|Simisear, L79, M|100\/100
|-damage|p1a: Simisear|76\/100|[from] Stealth Rock
|move|p2a: Tangrowth|Earthquake|p1a: Simisear
|-supereffective|p1a: Simisear
|-damage|p1a: Simisear|0 fnt
|-damage|p2a: Tangrowth|79\/100|[from] item: Life Orb
|faint|p1a: Simisear
|
|upkeep
|choice|switch 3|
|
|switch|p1a: Vanilluxe|Vanilluxe, L79, F|100\/100
|-damage|p1a: Vanilluxe|76\/100|[from] Stealth Rock
|-weather|Hail|[from] ability: Snow Warning|[of] p1a: Vanilluxe
|turn|6
|choice|move freezedry|switch 4
|
|switch|p2a: Ninetales|Ninetales-Alola, L77, M|100\/100
|move|p1a: Vanilluxe|Freeze-Dry|p2a: Ninetales
|-resisted|p2a: Ninetales
|-damage|p2a: Ninetales|82\/100
|-damage|p1a: Vanilluxe|66\/100|[from] item: Life Orb
|
|-weather|Hail|[upkeep]
|-heal|p2a: Ninetales|88\/100|[from] item: Leftovers
|upkeep
|turn|7
|choice|move flashcannon|move blizzard
|
|move|p2a: Ninetales|Blizzard|p1a: Vanilluxe
|-resisted|p1a: Vanilluxe
|-damage|p1a: Vanilluxe|48\/100
|move|p1a: Vanilluxe|Flash Cannon|p2a: Ninetales
|-supereffective|p2a: Ninetales
|-damage|p2a: Ninetales|0 fnt
|-damage|p1a: Vanilluxe|39\/100|[from] item: Life Orb
|faint|p2a: Ninetales
|
|-weather|Hail|[upkeep]
|upkeep
|choice||switch 3
|
|switch|p2a: Milotic|Milotic, L79, F|100\/100
|turn|8
|choice|move freezedry|move scald
|
|move|p2a: Milotic|Scald|p1a: Vanilluxe
|-damage|p1a: Vanilluxe|6\/100
|move|p1a: Vanilluxe|Freeze-Dry|p2a: Milotic
|-supereffective|p2a: Milotic
|-damage|p2a: Milotic|49\/100
|-damage|p1a: Vanilluxe|0 fnt|[from] item: Life Orb
|faint|p1a: Vanilluxe
|
|-weather|Hail|[upkeep]
|-damage|p2a: Milotic|43\/100|[from] hail
|-heal|p2a: Milotic|49\/100|[from] item: Leftovers
|upkeep
|choice|switch 5|
|
|switch|p1a: Togedemaru|Togedemaru, L79, M|100\/100
|-damage|p1a: Togedemaru|94\/100|[from] Stealth Rock
|-item|p1a: Togedemaru|Air Balloon
|turn|9
|choice|move zingzap|move recover
|
|move|p1a: Togedemaru|Zing Zap|p2a: Milotic
|-supereffective|p2a: Milotic
|-damage|p2a: Milotic|0 fnt
|faint|p2a: Milotic
|
|-weather|Hail|[upkeep]
|-damage|p1a: Togedemaru|88\/100|[from] hail
|upkeep
|choice||switch 4
|
|switch|p2a: Tangrowth|Tangrowth, L75, M|100\/100
|turn|10
|choice|switch 6|move earthquake
|
|switch|p1a: Chatot|Chatot, L79, F|100\/100
|-damage|p1a: Chatot|76\/100|[from] Stealth Rock
|move|p2a: Tangrowth|Earthquake|p1a: Chatot
|-immune|p1a: Chatot|[msg]
|
|-weather|none
|upkeep
|turn|11
|choice|move heatwave|move sleeppowder
|
|move|p1a: Chatot|Heat Wave|p2a: Tangrowth
|-supereffective|p2a: Tangrowth
|-damage|p2a: Tangrowth|12\/100
|-status|p2a: Tangrowth|brn
|-damage|p1a: Chatot|66\/100|[from] item: Life Orb
|move|p2a: Tangrowth|Sleep Powder|p1a: Chatot
|-status|p1a: Chatot|slp
|
|-damage|p2a: Tangrowth|6\/100 brn|[from] brn
|upkeep
|turn|12
|choice|move chatter|move rockslide
|
|cant|p1a: Chatot|slp
|move|p2a: Tangrowth|Rock Slide|p1a: Chatot
|-supereffective|p1a: Chatot
|-damage|p1a: Chatot|28\/100 slp
|-damage|p2a: Tangrowth|0 fnt|[from] item: Life Orb
|faint|p2a: Tangrowth
|
|upkeep
|choice||switch 5
|
|switch|p2a: Gallade|Gallade, L75, M|100\/100
|turn|13
|choice|move heatwave|move swordsdance mega
|
|detailschange|p2a: Gallade|Gallade-Mega, L75, M
|-mega|p2a: Gallade|Gallade|Galladite
|move|p2a: Gallade|Swords Dance|p2a: Gallade
|-boost|p2a: Gallade|atk|2
|-curestatus|p1a: Chatot|slp|[msg]
|move|p1a: Chatot|Heat Wave|p2a: Gallade
|-damage|p2a: Gallade|69\/100
|-damage|p1a: Chatot|18\/100|[from] item: Life Orb
|
|upkeep
|turn|14
|choice|move chatter|move zenheadbutt
|
|move|p2a: Gallade|Zen Headbutt|p1a: Chatot|[miss]
|-miss|p2a: Gallade|p1a: Chatot
|move|p1a: Chatot|Chatter|p2a: Gallade
|-supereffective|p2a: Gallade
|-damage|p2a: Gallade|6\/100
|-start|p2a: Gallade|confusion
|-damage|p1a: Chatot|8\/100|[from] item: Life Orb
|
|upkeep
|turn|15
|choice|move chatter|switch 2
|
|switch|p2a: Corsola|Corsola, L79, F|64\/100
|move|p1a: Chatot|Chatter|p2a: Corsola
|-resisted|p2a: Corsola
|-damage|p2a: Corsola|49\/100
|-start|p2a: Corsola|confusion
|-damage|p1a: Chatot|0 fnt|[from] item: Life Orb
|faint|p1a: Chatot
|
|upkeep
|choice|switch 6|
|
|switch|p1a: Togedemaru|Togedemaru, L79, M|88\/100
|-damage|p1a: Togedemaru|82\/100|[from] Stealth Rock
|-item|p1a: Togedemaru|Air Balloon
|turn|16
|choice|move zingzap|switch 6
|
|switch|p2a: Parasect|Parasect, L79, F|100\/100
|move|p1a: Togedemaru|Zing Zap|p2a: Parasect
|-resisted|p2a: Parasect
|-damage|p2a: Parasect|80\/100
|
|-heal|p2a: Parasect|86\/100|[from] item: Leftovers
|upkeep
|turn|17
|choice|switch 4|move spore
|
|switch|p1a: Seviper|Seviper, L79, M|100\/100
|-damage|p1a: Seviper|88\/100|[from] Stealth Rock
|move|p2a: Parasect|Spore|p1a: Seviper
|-status|p1a: Seviper|slp
|
|-activate|p1a: Seviper|ability: Shed Skin
|-curestatus|p1a: Seviper|slp|[msg]
|-heal|p2a: Parasect|92\/100|[from] item: Leftovers
|upkeep
|turn|18
|choice|move poisonjab|move leechseed
|
|move|p1a: Seviper|Poison Jab|p2a: Parasect
|-supereffective|p2a: Parasect
|-damage|p2a: Parasect|0 fnt
|-damage|p1a: Seviper|78\/100|[from] item: Life Orb
|faint|p2a: Parasect
|
|upkeep
|choice||switch 6
|
|switch|p2a: Corsola|Corsola, L79, F|82\/100
|turn|19
|choice|move earthquake|move powergem
|
|move|p1a: Seviper|Earthquake|p2a: Corsola
|-supereffective|p2a: Corsola
|-damage|p2a: Corsola|9\/100
|-damage|p1a: Seviper|69\/100|[from] item: Life Orb
|move|p2a: Corsola|Power Gem|p1a: Seviper
|-damage|p1a: Seviper|39\/100
|
|upkeep
|turn|20
|choice|move earthquake|move scald
|
|move|p1a: Seviper|Earthquake|p2a: Corsola
|-supereffective|p2a: Corsola
|-damage|p2a: Corsola|0 fnt
|-damage|p1a: Seviper|29\/100|[from] item: Life Orb
|faint|p2a: Corsola
|
|upkeep
|choice||switch 2
|
|switch|p2a: Gallade|Gallade-Mega, L75, M|6\/100
|turn|21
|choice|move poisonjab|move closecombat
|
|move|p2a: Gallade|Close Combat|p1a: Seviper
|-resisted|p1a: Seviper
|-damage|p1a: Seviper|0 fnt
|-unboost|p2a: Gallade|def|1
|-unboost|p2a: Gallade|spd|1
|faint|p1a: Seviper
|
|upkeep
|choice|switch 4|
|
|switch|p1a: Togedemaru|Togedemaru, L79, M|82\/100
|-damage|p1a: Togedemaru|76\/100|[from] Stealth Rock
|-item|p1a: Togedemaru|Air Balloon
|turn|22
|choice|move zingzap|move closecombat
|
|move|p2a: Gallade|Close Combat|p1a: Togedemaru
|-supereffective|p1a: Togedemaru
|-damage|p1a: Togedemaru|0 fnt
|-enditem|p1a: Togedemaru|Air Balloon
|-unboost|p2a: Gallade|def|1
|-unboost|p2a: Gallade|spd|1
|faint|p1a: Togedemaru
|
|upkeep
|choice|switch 2|
|
|switch|p1a: Regigigas|Regigigas, L79|100\/100
|-damage|p1a: Regigigas|88\/100|[from] Stealth Rock
|-start|p1a: Regigigas|ability: Slow Start
|turn|23
|choice|move substitute|move closecombat
|
|move|p2a: Gallade|Close Combat|p1a: Regigigas
|-supereffective|p1a: Regigigas
|-damage|p1a: Regigigas|0 fnt
|-unboost|p2a: Gallade|def|1
|-unboost|p2a: Gallade|spd|1
|faint|p1a: Regigigas
|-end|p1a: Regigigas|Slow Start|[silent]
|
|win|Dyonisius</script>
</div>
<div class="battle-log battle-log-inline"><div class="inner"><div class="chat"><small>Aldebaryan joined.</small></div><div class="chat"><small>Dyonisius joined.</small></div><div style="padding:5px 0"><small>Format:</small> <br><strong>[Gen 7] Random Battle</strong></div><div><small><em>Sleep Clause Mod:</em> Limit one foe put to sleep</small></div><div><small><em>HP Percentage Mod:</em> HP is shown in percentages</small></div><div>Battle between Aldebaryan and Dyonisius started!</div><div class="spacer"></div><div>Go! Chatot!</div><div class="spacer"></div><div>Dyonisius sent out Milotic!</div><h2>Turn 1</h2><div class="spacer"></div><div><span class="battle-nickname" title="Chatot">Chatot</span>, come back!</div><div class="spacer"></div><div>Go! Togedemaru!</div><div><small><span class="battle-nickname" title="Togedemaru">Togedemaru</span> floats in the air with its Air Balloon!</small></div><div class="spacer"></div><div>Dyonisius withdrew Milotic!</div><div class="spacer"></div><div>Dyonisius sent out Corsola!</div><div><small>The opposing <span class="battle-nickname-foe" title="Corsola">Corsola</span> floats in the air with its Air Balloon!</small></div><h2>Turn 2</h2><div class="spacer"></div><div><span class="battle-nickname" title="Togedemaru">Togedemaru</span> used <strong>Spiky Shield</strong>!</div><div><small><span class="battle-nickname" title="Togedemaru">Togedemaru</span> protected itself!</small></div><div class="spacer"></div><div>The opposing <span class="battle-nickname-foe" title="Corsola">Corsola</span> used <strong>Stealth Rock</strong>!</div><div><small>Pointed stones float in the air around your team!</small></div><h2>Turn 3</h2><div class="spacer"></div><div><span class="battle-nickname" title="Togedemaru">Togedemaru</span> used <strong>Zing Zap</strong>!</div><div><small>It's super effective! </small><small>The opposing <span class="battle-nickname-foe" title="Corsola">Corsola</span> lost 69% of its health!</small><br></div><div><small>The opposing <span class="battle-nickname-foe" title="Corsola">Corsola</span>'s Air Balloon popped!</small></div><div class="spacer"></div><div>The opposing <span class="battle-nickname-foe" title="Corsola">Corsola</span> used <strong>Toxic</strong>!</div><div><small>It doesn't affect <span class="battle-nickname" title="Togedemaru">Togedemaru</span>... </small></div><h2>Turn 4</h2><div class="spacer"></div><div>Dyonisius withdrew Corsola!</div><div class="spacer"></div><div>Dyonisius sent out Tangrowth!</div><div class="spacer"></div><div><span class="battle-nickname" title="Togedemaru">Togedemaru</span> used <strong>Zing Zap</strong>!</div><div><small>It's not very effective... </small><small>The opposing <span class="battle-nickname-foe" title="Tangrowth">Tangrowth</span> lost 12% of its health!</small><br></div><h2>Turn 5</h2><div class="spacer"></div><div><span class="battle-nickname" title="Togedemaru">Togedemaru</span>, come back!</div><div class="spacer"></div><div>Go! Simisear!</div><div><small>Pointed stones dug into <span class="battle-nickname" title="Simisear">Simisear</span>!</small></div><div class="spacer"></div><div>The opposing <span class="battle-nickname-foe" title="Tangrowth">Tangrowth</span> used <strong>Earthquake</strong>!</div><div><small>It's super effective! </small><small><span class="battle-nickname" title="Simisear">Simisear</span> lost 76% of its health!</small><br></div><div><small>The opposing <span class="battle-nickname-foe" title="Tangrowth">Tangrowth</span> lost some of its HP!</small></div><div class="spacer"></div><div><span class="battle-nickname" title="Simisear">Simisear</span> fainted!</div><div class="spacer"></div><div>Go! Vanilluxe!</div><div><small>Pointed stones dug into <span class="battle-nickname" title="Vanilluxe">Vanilluxe</span>!</small></div><div><small>[<span class="battle-nickname" title="Vanilluxe">Vanilluxe</span>'s Snow Warning!]</small></div><div><small>It started to hail!</small></div><h2>Turn 6</h2><div class="spacer"></div><div>Dyonisius withdrew Tangrowth!</div><div class="spacer"></div><div>Dyonisius sent out <span class="battle-nickname-foe" title="Ninetales-Alola">Ninetales <small>(Ninetales-Alola)</small></span>!</div><div class="spacer"></div><div><span class="battle-nickname" title="Vanilluxe">Vanilluxe</span> used <strong>Freeze-Dry</strong>!</div><div><small>It's not very effective... </small><small>The opposing <span class="battle-nickname-foe" title="Ninetales-Alola">Ninetales</span> lost 18% of its health!</small><br></div><div><small><span class="battle-nickname" title="Vanilluxe">Vanilluxe</span> lost some of its HP!</small></div><div><small>The hail is crashing down.</small></div><div class="spacer"></div><div><small>The opposing <span class="battle-nickname-foe" title="Ninetales-Alola">Ninetales</span> restored a little HP using its Leftovers!</small></div><h2>Turn 7</h2><div class="spacer"></div><div>The opposing <span class="battle-nickname-foe" title="Ninetales-Alola">Ninetales</span> used <strong>Blizzard</strong>!</div><div><small>It's not very effective... </small><small><span class="battle-nickname" title="Vanilluxe">Vanilluxe</span> lost 18% of its health!</small><br></div><div class="spacer"></div><div><span class="battle-nickname" title="Vanilluxe">Vanilluxe</span> used <strong>Flash Cannon</strong>!</div><div><small>It's super effective! </small><small>The opposing <span class="battle-nickname-foe" title="Ninetales-Alola">Ninetales</span> lost 88% of its health!</small><br></div><div><small><span class="battle-nickname" title="Vanilluxe">Vanilluxe</span> lost some of its HP!</small></div><div class="spacer"></div><div>The opposing <span class="battle-nickname-foe" title="Ninetales-Alola">Ninetales</span> fainted!</div><div><small>The hail is crashing down.</small></div><div class="spacer"></div><div>Dyonisius sent out Milotic!</div><h2>Turn 8</h2><div class="spacer"></div><div>The opposing <span class="battle-nickname-foe" title="Milotic">Milotic</span> used <strong>Scald</strong>!</div><div><small><span class="battle-nickname" title="Vanilluxe">Vanilluxe</span> lost 33% of its health!</small><br></div><div class="spacer"></div><div><span class="battle-nickname" title="Vanilluxe">Vanilluxe</span> used <strong>Freeze-Dry</strong>!</div><div><small>It's super effective! </small><small>The opposing <span class="battle-nickname-foe" title="Milotic">Milotic</span> lost 51% of its health!</small><br></div><div><small><span class="battle-nickname" title="Vanilluxe">Vanilluxe</span> lost some of its HP!</small></div><div class="spacer"></div><div><span class="battle-nickname" title="Vanilluxe">Vanilluxe</span> fainted!</div><div><small>The hail is crashing down.</small></div><div class="spacer"></div><div><small>The opposing <span class="battle-nickname-foe" title="Milotic">Milotic</span> is buffeted by the hail!</small></div><div><small>The opposing <span class="battle-nickname-foe" title="Milotic">Milotic</span> restored a little HP using its Leftovers!</small></div><div class="spacer"></div><div>Go! Togedemaru!</div><div><small>Pointed stones dug into <span class="battle-nickname" title="Togedemaru">Togedemaru</span>!</small></div><div><small><span class="battle-nickname" title="Togedemaru">Togedemaru</span> floats in the air with its Air Balloon!</small></div><h2>Turn 9</h2><div class="spacer"></div><div><span class="battle-nickname" title="Togedemaru">Togedemaru</span> used <strong>Zing Zap</strong>!</div><div><small>It's super effective! </small><small>The opposing <span class="battle-nickname-foe" title="Milotic">Milotic</span> lost 49% of its health!</small><br></div><div class="spacer"></div><div>The opposing <span class="battle-nickname-foe" title="Milotic">Milotic</span> fainted!</div><div><small>The hail is crashing down.</small></div><div class="spacer"></div><div><small><span class="battle-nickname" title="Togedemaru">Togedemaru</span> is buffeted by the hail!</small></div><div class="spacer"></div><div>Dyonisius sent out Tangrowth!</div><h2>Turn 10</h2><div class="spacer"></div><div><span class="battle-nickname" title="Togedemaru">Togedemaru</span>, come back!</div><div class="spacer"></div><div>Go! Chatot!</div><div><small>Pointed stones dug into <span class="battle-nickname" title="Chatot">Chatot</span>!</small></div><div class="spacer"></div><div>The opposing <span class="battle-nickname-foe" title="Tangrowth">Tangrowth</span> used <strong>Earthquake</strong>!</div><div><small>It doesn't affect <span class="battle-nickname" title="Chatot">Chatot</span>... </small></div><div class="spacer"></div><div><small>The hail stopped.</small></div><h2>Turn 11</h2><div class="spacer"></div><div><span class="battle-nickname" title="Chatot">Chatot</span> used <strong>Heat Wave</strong>!</div><div><small>It's super effective! </small><small>The opposing <span class="battle-nickname-foe" title="Tangrowth">Tangrowth</span> lost 88% of its health!</small><br></div><div><small>The opposing <span class="battle-nickname-foe" title="Tangrowth">Tangrowth</span> was burned!</small></div><div><small><span class="battle-nickname" title="Chatot">Chatot</span> lost some of its HP!</small></div><div class="spacer"></div><div>The opposing <span class="battle-nickname-foe" title="Tangrowth">Tangrowth</span> used <strong>Sleep Powder</strong>!</div><div><small><span class="battle-nickname" title="Chatot">Chatot</span> fell asleep!</small></div><div class="spacer"></div><div><small>The opposing <span class="battle-nickname-foe" title="Tangrowth">Tangrowth</span> was hurt by its burn!</small></div><h2>Turn 12</h2><div class="spacer"></div><div><span class="battle-nickname" title="Chatot">Chatot</span> is fast asleep.</div><div class="spacer"></div><div>The opposing <span class="battle-nickname-foe" title="Tangrowth">Tangrowth</span> used <strong>Rock Slide</strong>!</div><div><small>It's super effective! </small><small><span class="battle-nickname" title="Chatot">Chatot</span> lost 38% of its health!</small><br></div><div><small>The opposing <span class="battle-nickname-foe" title="Tangrowth">Tangrowth</span> lost some of its HP!</small></div><div class="spacer"></div><div>The opposing <span class="battle-nickname-foe" title="Tangrowth">Tangrowth</span> fainted!</div><div class="spacer"></div><div>Dyonisius sent out Gallade!</div><h2>Turn 13</h2><div class="spacer"></div><div><small>The opposing <span class="battle-nickname-foe" title="Gallade-Mega">Gallade</span>'s Galladite is reacting to Dyonisius's Mega Bracelet!<br>The opposing <span class="battle-nickname-foe" title="Gallade-Mega">Gallade</span> has Mega Evolved into Mega Gallade!</small></div><div class="spacer"></div><div>The opposing <span class="battle-nickname-foe" title="Gallade-Mega">Gallade</span> used <strong>Swords Dance</strong>!</div><div><small>The opposing <span class="battle-nickname-foe" title="Gallade-Mega">Gallade</span>'s Attack rose sharply! </small></div><div><small><span class="battle-nickname" title="Chatot">Chatot</span> woke up!</small></div><div class="spacer"></div><div><span class="battle-nickname" title="Chatot">Chatot</span> used <strong>Heat Wave</strong>!</div><div><small>The opposing <span class="battle-nickname-foe" title="Gallade-Mega">Gallade</span> lost 31% of its health!</small><br></div><div><small><span class="battle-nickname" title="Chatot">Chatot</span> lost some of its HP!</small></div><h2>Turn 14</h2><div class="spacer"></div><div>The opposing <span class="battle-nickname-foe" title="Gallade-Mega">Gallade</span> used <strong>Zen Headbutt</strong>!</div><div><small><span class="battle-nickname" title="Chatot">Chatot</span> avoided the attack!</small></div><div class="spacer"></div><div><span class="battle-nickname" title="Chatot">Chatot</span> used <strong>Chatter</strong>!</div><div><small>It's super effective! </small><small>The opposing <span class="battle-nickname-foe" title="Gallade-Mega">Gallade</span> lost 63% of its health!</small><br></div><div><small>The opposing <span class="battle-nickname-foe" title="Gallade-Mega">Gallade</span> became confused!</small></div><div><small><span class="battle-nickname" title="Chatot">Chatot</span> lost some of its HP!</small></div><h2>Turn 15</h2><div class="spacer"></div><div>Dyonisius withdrew <span class="battle-nickname-foe" title="Gallade-Mega">Gallade <small>(Gallade-Mega)</small></span>!</div><div class="spacer"></div><div>Dyonisius sent out Corsola!</div><div class="spacer"></div><div><span class="battle-nickname" title="Chatot">Chatot</span> used <strong>Chatter</strong>!</div><div><small>It's not very effective... </small><small>The opposing <span class="battle-nickname-foe" title="Corsola">Corsola</span> lost 15% of its health!</small><br></div><div><small>The opposing <span class="battle-nickname-foe" title="Corsola">Corsola</span> became confused!</small></div><div><small><span class="battle-nickname" title="Chatot">Chatot</span> lost some of its HP!</small></div><div class="spacer"></div><div><span class="battle-nickname" title="Chatot">Chatot</span> fainted!</div><div class="spacer"></div><div>Go! Togedemaru!</div><div><small>Pointed stones dug into <span class="battle-nickname" title="Togedemaru">Togedemaru</span>!</small></div><div><small><span class="battle-nickname" title="Togedemaru">Togedemaru</span> floats in the air with its Air Balloon!</small></div><h2>Turn 16</h2><div class="spacer"></div><div>Dyonisius withdrew Corsola!</div><div class="spacer"></div><div>Dyonisius sent out Parasect!</div><div class="spacer"></div><div><span class="battle-nickname" title="Togedemaru">Togedemaru</span> used <strong>Zing Zap</strong>!</div><div><small>It's not very effective... </small><small>The opposing <span class="battle-nickname-foe" title="Parasect">Parasect</span> lost 20% of its health!</small><br></div><div class="spacer"></div><div><small>The opposing <span class="battle-nickname-foe" title="Parasect">Parasect</span> restored a little HP using its Leftovers!</small></div><h2>Turn 17</h2><div class="spacer"></div><div><span class="battle-nickname" title="Togedemaru">Togedemaru</span>, come back!</div><div class="spacer"></div><div>Go! Seviper!</div><div><small>Pointed stones dug into <span class="battle-nickname" title="Seviper">Seviper</span>!</small></div><div class="spacer"></div><div>The opposing <span class="battle-nickname-foe" title="Parasect">Parasect</span> used <strong>Spore</strong>!</div><div><small><span class="battle-nickname" title="Seviper">Seviper</span> fell asleep!</small></div><div><small>[<span class="battle-nickname" title="Seviper">Seviper</span>'s Shed Skin!]</small></div><div><small><span class="battle-nickname" title="Seviper">Seviper</span> woke up!</small></div><div><small>The opposing <span class="battle-nickname-foe" title="Parasect">Parasect</span> restored a little HP using its Leftovers!</small></div><h2>Turn 18</h2><div class="spacer"></div><div><span class="battle-nickname" title="Seviper">Seviper</span> used <strong>Poison Jab</strong>!</div><div><small>It's super effective! </small><small>The opposing <span class="battle-nickname-foe" title="Parasect">Parasect</span> lost 92% of its health!</small><br></div><div><small><span class="battle-nickname" title="Seviper">Seviper</span> lost some of its HP!</small></div><div class="spacer"></div><div>The opposing <span class="battle-nickname-foe" title="Parasect">Parasect</span> fainted!</div><div class="spacer"></div><div>Dyonisius sent out Corsola!</div><h2>Turn 19</h2><div class="spacer"></div><div><span class="battle-nickname" title="Seviper">Seviper</span> used <strong>Earthquake</strong>!</div><div><small>It's super effective! </small><small>The opposing <span class="battle-nickname-foe" title="Corsola">Corsola</span> lost 73% of its health!</small><br></div><div><small><span class="battle-nickname" title="Seviper">Seviper</span> lost some of its HP!</small></div><div class="spacer"></div><div>The opposing <span class="battle-nickname-foe" title="Corsola">Corsola</span> used <strong>Power Gem</strong>!</div><div><small><span class="battle-nickname" title="Seviper">Seviper</span> lost 30% of its health!</small><br></div><h2>Turn 20</h2><div class="spacer"></div><div><span class="battle-nickname" title="Seviper">Seviper</span> used <strong>Earthquake</strong>!</div><div><small>It's super effective! </small><small>The opposing <span class="battle-nickname-foe" title="Corsola">Corsola</span> lost 9% of its health!</small><br></div><div><small><span class="battle-nickname" title="Seviper">Seviper</span> lost some of its HP!</small></div><div class="spacer"></div><div>The opposing <span class="battle-nickname-foe" title="Corsola">Corsola</span> fainted!</div><div class="spacer"></div><div>Dyonisius sent out <span class="battle-nickname-foe" title="Gallade-Mega">Gallade <small>(Gallade-Mega)</small></span>!</div><h2>Turn 21</h2><div class="spacer"></div><div>The opposing <span class="battle-nickname-foe" title="Gallade-Mega">Gallade</span> used <strong>Close Combat</strong>!</div><div><small>It's not very effective... </small><small><span class="battle-nickname" title="Seviper">Seviper</span> lost 28% of its health!</small><br></div><div><small>The opposing <span class="battle-nickname-foe" title="Gallade-Mega">Gallade</span>'s Defense fell! The opposing <span class="battle-nickname-foe" title="Gallade-Mega">Gallade</span>'s Special Defense fell! </small></div><div class="spacer"></div><div><span class="battle-nickname" title="Seviper">Seviper</span> fainted!</div><div class="spacer"></div><div>Go! Togedemaru!</div><div><small>Pointed stones dug into <span class="battle-nickname" title="Togedemaru">Togedemaru</span>!</small></div><div><small><span class="battle-nickname" title="Togedemaru">Togedemaru</span> floats in the air with its Air Balloon!</small></div><h2>Turn 22</h2><div class="spacer"></div><div>The opposing <span class="battle-nickname-foe" title="Gallade-Mega">Gallade</span> used <strong>Close Combat</strong>!</div><div><small>It's super effective! </small><small><span class="battle-nickname" title="Togedemaru">Togedemaru</span> lost 76% of its health!</small><br></div><div><small><span class="battle-nickname" title="Togedemaru">Togedemaru</span>'s Air Balloon popped!</small></div><div><small>The opposing <span class="battle-nickname-foe" title="Gallade-Mega">Gallade</span>'s Defense fell! The opposing <span class="battle-nickname-foe" title="Gallade-Mega">Gallade</span>'s Special Defense fell! </small></div><div class="spacer"></div><div><span class="battle-nickname" title="Togedemaru">Togedemaru</span> fainted!</div><div class="spacer"></div><div>Go! Regigigas!</div><div><small>Pointed stones dug into <span class="battle-nickname" title="Regigigas">Regigigas</span>!</small></div><div><small>[<span class="battle-nickname" title="Regigigas">Regigigas</span>'s Slow Start!]</small></div><div><small><span class="battle-nickname" title="Regigigas">Regigigas</span> can't get it going!</small></div><h2>Turn 23</h2><div class="spacer"></div><div>The opposing <span class="battle-nickname-foe" title="Gallade-Mega">Gallade</span> used <strong>Close Combat</strong>!</div><div><small>It's super effective! </small><small><span class="battle-nickname" title="Regigigas">Regigigas</span> lost 88% of its health!</small><br></div><div><small>The opposing <span class="battle-nickname-foe" title="Gallade-Mega">Gallade</span>'s Defense fell! The opposing <span class="battle-nickname-foe" title="Gallade-Mega">Gallade</span>'s Special Defense fell! </small></div><div class="spacer"></div><div><span class="battle-nickname" title="Regigigas">Regigigas</span> fainted!</div><div class="spacer"></div><div>Dyonisius won the battle!</div></div></div>
</div>
<script>
var daily = Math.floor(Date.now()/1000/60/60/24);document.write('<script src="https://play.pokemonshowdown.com/js/replay-embed.js?version'+daily+'"></'+'script>');
</script>
