<!DOCTYPE html>
<meta charset="utf-8" />
<!-- version 1 -->
<title>[Gen 7] Random Battle replay: ufrgy vs. cptamerica96</title>
<style>
html,body {font-family:Verdana, sans-serif;font-size:10pt;margin:0;padding:0;}body{padding:12px 0;} .battle-log {font-family:Verdana, sans-serif;font-size:10pt;} .battle-log-inline {border:1px solid #AAAAAA;background:#EEF2F5;color:black;max-width:640px;margin:0 auto 80px;padding-bottom:5px;} .battle-log .inner {padding:4px 8px 0px 8px;} .battle-log .inner-preempt {padding:0 8px 4px 8px;} .battle-log .inner-after {margin-top:0.5em;} .battle-log h2 {margin:0.5em -8px;padding:4px 8px;border:1px solid #AAAAAA;background:#E0E7EA;border-left:0;border-right:0;font-family:Verdana, sans-serif;font-size:13pt;} .battle-log .chat {vertical-align:middle;padding:3px 0 3px 0;font-size:8pt;} .battle-log .chat strong {color:#40576A;} .battle-log .chat em {padding:1px 4px 1px 3px;color:#000000;font-style:normal;} .chat.mine {background:rgba(0,0,0,0.05);margin-left:-8px;margin-right:-8px;padding-left:8px;padding-right:8px;} .spoiler {color:#BBBBBB;background:#BBBBBB;padding:0px 3px;} .spoiler:hover, .spoiler:active, .spoiler-shown {color:#000000;background:#E2E2E2;padding:0px 3px;} .spoiler a {color:#BBBBBB;} .spoiler:hover a, .spoiler:active a, .spoiler-shown a {color:#2288CC;} .chat code, .chat .spoiler:hover code, .chat .spoiler:active code, .chat .spoiler-shown code {border:1px solid #C0C0C0;background:#EEEEEE;color:black;padding:0 2px;} .chat .spoiler code {border:1px solid #CCCCCC;background:#CCCCCC;color:#CCCCCC;} .battle-log .rated {padding:3px 4px;} .battle-log .rated strong {color:white;background:#89A;padding:1px 4px;border-radius:4px;} .spacer {margin-top:0.5em;} .message-announce {background:#6688AA;color:white;padding:1px 4px 2px;} .message-announce a, .broadcast-green a, .broadcast-blue a, .broadcast-red a {color:#DDEEFF;} .broadcast-green {background-color:#559955;color:white;padding:2px 4px;} .broadcast-blue {background-color:#6688AA;color:white;padding:2px 4px;} .infobox {border:1px solid #6688AA;padding:2px 4px;} .infobox-limited {max-height:200px;overflow:auto;overflow-x:hidden;} .broadcast-red {background-color:#AA5544;color:white;padding:2px 4px;} .message-learn-canlearn {font-weight:bold;color:#228822;text-decoration:underline;} .message-learn-cannotlearn {font-weight:bold;color:#CC2222;text-decoration:underline;} .message-effect-weak {font-weight:bold;color:#CC2222;} .message-effect-resist {font-weight:bold;color:#6688AA;} .message-effect-immune {font-weight:bold;color:#666666;} .message-learn-list {margin-top:0;margin-bottom:0;} .message-throttle-notice, .message-error {color:#992222;} .message-overflow, .chat small.message-overflow {font-size:0pt;} .message-overflow::before {font-size:9pt;content:'...';} .subtle {color:#3A4A66;}
</style>
<div class="wrapper replay-wrapper" style="max-width:1180px;margin:0 auto">
<input type="hidden" name="replayid" value="gen7randombattle-566968447" />
<div class="battle"></div><div class="battle-log"></div><div class="replay-controls"></div><div class="replay-controls-2"></div>
<h1 style="font-weight:normal;text-align:center"><strong>[Gen 7] Random Battle</strong><br /><a href="http://pokemonshowdown.com/users/ufrgy" class="subtle" target="_blank">ufrgy</a> vs. <a href="http://pokemonshowdown.com/users/cptamerica96" class="subtle" target="_blank">cptamerica96</a></h1>
<script type="text/plain" class="battle-log-data">|j|ufrgy
|j|cptamerica96
|player|p1|ufrgy|169
|player|p2|cptamerica96|163
|gametype|singles
|gen|7
|tier|[Gen 7] Random Battle
|rated
|seed|12736,19881,4715,5839,52074,62526,46315,1940,61558,49507,62940,36595
|rule|Sleep Clause Mod: Limit one foe put to sleep
|rule|HP Percentage Mod: HP is shown in percentages
|
|start
|switch|p1a: Stoutland|Stoutland, L79, M|100\/100
|switch|p2a: Tyranitar|Tyranitar, L75, M|100\/100
|-ability|p1a: Stoutland|Intimidate|boost
|-unboost|p2a: Tyranitar|atk|1
|-weather|Sandstorm|[from] ability: Sand Stream|[of] p2a: Tyranitar
|turn|1
|choice|move superpower|move stoneedge mega
|
|detailschange|p2a: Tyranitar|Tyranitar-Mega, L75, M
|-mega|p2a: Tyranitar|Tyranitar|Tyranitarite
|move|p1a: Stoutland|Superpower|p2a: Tyranitar
|-supereffective|p2a: Tyranitar
|-damage|p2a: Tyranitar|17\/100
|-unboost|p1a: Stoutland|atk|1
|-unboost|p1a: Stoutland|def|1
|move|p2a: Tyranitar|Stone Edge|p1a: Stoutland
|-damage|p1a: Stoutland|46\/100
|
|-weather|Sandstorm|[upkeep]
|-damage|p1a: Stoutland|40\/100|[from] sandstorm
|upkeep
|turn|2
|inactive|Battle timer is ON: inactive players will automatically lose when time's up. (requested by cptamerica96)
|choice|move superpower|move stoneedge
|
|move|p1a: Stoutland|Superpower|p2a: Tyranitar
|-supereffective|p2a: Tyranitar
|-damage|p2a: Tyranitar|0 fnt
|-unboost|p1a: Stoutland|atk|1
|-unboost|p1a: Stoutland|def|1
|faint|p2a: Tyranitar
|
|-weather|Sandstorm|[upkeep]
|-damage|p1a: Stoutland|34\/100|[from] sandstorm
|upkeep
|choice||switch 4
|
|switch|p2a: Furfrou|Furfrou, L79, F|100\/100
|turn|3
|choice|switch 2|move cottonguard
|
|switch|p1a: Magnezone|Magnezone, L75|100\/100
|move|p2a: Furfrou|Cotton Guard|p2a: Furfrou
|-boost|p2a: Furfrou|def|3
|
|-weather|Sandstorm|[upkeep]
|-damage|p2a: Furfrou|94\/100|[from] sandstorm
|upkeep
|turn|4
|choice|move thunderbolt|move cottonguard
|
|move|p2a: Furfrou|Cotton Guard|p2a: Furfrou
|-boost|p2a: Furfrou|def|3
|move|p1a: Magnezone|Thunderbolt|p2a: Furfrou
|-crit|p2a: Furfrou
|-damage|p2a: Furfrou|34\/100
|
|-weather|Sandstorm|[upkeep]
|-damage|p2a: Furfrou|28\/100|[from] sandstorm
|upkeep
|turn|5
|choice|move thunderbolt|move rest
|
|move|p2a: Furfrou|Rest|p2a: Furfrou
|-status|p2a: Furfrou|slp
|-heal|p2a: Furfrou|100\/100 slp|[silent]
|-status|p2a: Furfrou|slp|[from] move: Rest
|-enditem|p2a: Furfrou|Chesto Berry|[eat]
|-curestatus|p2a: Furfrou|slp|[msg]
|move|p1a: Magnezone|Thunderbolt|p2a: Furfrou
|-damage|p2a: Furfrou|57\/100
|
|-weather|none
|upkeep
|turn|6
|choice|move thunderbolt|move return
|
|move|p2a: Furfrou|Return|p1a: Magnezone
|-resisted|p1a: Magnezone
|-damage|p1a: Magnezone|83\/100
|move|p1a: Magnezone|Thunderbolt|p2a: Furfrou
|-damage|p2a: Furfrou|12\/100
|
|upkeep
|turn|7
|choice|move thunderbolt|move return
|
|move|p2a: Furfrou|Return|p1a: Magnezone
|-resisted|p1a: Magnezone
|-damage|p1a: Magnezone|69\/100
|move|p1a: Magnezone|Thunderbolt|p2a: Furfrou
|-damage|p2a: Furfrou|0 fnt
|faint|p2a: Furfrou
|
|upkeep
|choice||switch 2
|
|switch|p2a: Moltres|Moltres, L79|100\/100
|turn|8
|choice|move thunderbolt|move fireblast
|
|move|p1a: Magnezone|Thunderbolt|p2a: Moltres
|-supereffective|p2a: Moltres
|-damage|p2a: Moltres|18\/100
|move|p2a: Moltres|Fire Blast|p1a: Magnezone
|-supereffective|p1a: Magnezone
|-damage|p1a: Magnezone|0 fnt
|-damage|p2a: Moltres|8\/100|[from] item: Life Orb
|faint|p1a: Magnezone
|
|upkeep
|choice|switch 4|
|
|switch|p1a: Froslass|Froslass, L79, F|100\/100
|turn|9
|choice|move icebeam|move fireblast
|
|move|p1a: Froslass|Ice Beam|p2a: Moltres
|-damage|p2a: Moltres|0 fnt
|faint|p2a: Moltres
|
|upkeep
|choice||switch 5
|
|switch|p2a: Persian|Persian-Alola, L79, M|100\/100
|turn|10
|choice|move thunderwave|move nastyplot
|
|move|p2a: Persian|Nasty Plot|p2a: Persian
|-boost|p2a: Persian|spa|2
|move|p1a: Froslass|Thunder Wave|p2a: Persian
|-status|p2a: Persian|par
|
|upkeep
|turn|11
|choice|move destinybond|move hypnosis
|
|move|p1a: Froslass|Destiny Bond|p1a: Froslass
|-singlemove|p1a: Froslass|Destiny Bond
|cant|p2a: Persian|par
|
|upkeep
|turn|12
|choice|move icebeam|move hypnosis
|
|move|p1a: Froslass|Ice Beam|p2a: Persian
|-damage|p2a: Persian|55\/100 par
|move|p2a: Persian|Hypnosis|p1a: Froslass|[miss]
|-miss|p2a: Persian|p1a: Froslass
|
|-heal|p2a: Persian|61\/100 par|[from] item: Leftovers
|upkeep
|turn|13
|choice|move taunt|move hypnosis
|
|move|p1a: Froslass|Taunt|p2a: Persian
|-start|p2a: Persian|move: Taunt
|cant|p2a: Persian|move: Taunt|Hypnosis
|
|-heal|p2a: Persian|67\/100 par|[from] item: Leftovers
|upkeep
|turn|14
|choice|move destinybond|move darkpulse
|
|move|p1a: Froslass|Destiny Bond|p1a: Froslass
|-singlemove|p1a: Froslass|Destiny Bond
|move|p2a: Persian|Dark Pulse|p1a: Froslass
|-supereffective|p1a: Froslass
|-damage|p1a: Froslass|0 fnt
|faint|p1a: Froslass
|-activate|p1a: Froslass|move: Destiny Bond
|faint|p2a: Persian
|
|upkeep
|choice|switch 2|switch 3
|
|switch|p1a: Stoutland|Stoutland, L79, M|34\/100
|switch|p2a: Corsola|Corsola, L79, F|100\/100
|-ability|p1a: Stoutland|Intimidate|boost
|-unboost|p2a: Corsola|atk|1
|-item|p2a: Corsola|Air Balloon
|turn|15
|choice|move superpower|move scald
|
|move|p1a: Stoutland|Superpower|p2a: Corsola
|-supereffective|p2a: Corsola
|-crit|p2a: Corsola
|-damage|p2a: Corsola|0 fnt
|-enditem|p2a: Corsola|Air Balloon
|-unboost|p1a: Stoutland|atk|1
|-unboost|p1a: Stoutland|def|1
|faint|p2a: Corsola
|
|upkeep
|choice||switch 6
|
|switch|p2a: Unfezant|Unfezant, L79, F|100\/100
|turn|16
|choice|switch 5|move nightslash
|
|switch|p1a: Uxie|Uxie, L79|100\/100
|move|p2a: Unfezant|Night Slash|p1a: Uxie
|-supereffective|p1a: Uxie
|-crit|p1a: Uxie
|-damage|p1a: Uxie|52\/100
|
|-heal|p1a: Uxie|58\/100|[from] item: Leftovers
|upkeep
|turn|17
|choice|move yawn|move nightslash
|
|move|p1a: Uxie|Yawn|p2a: Unfezant
|-start|p2a: Unfezant|move: Yawn|[of] p1a: Uxie
|move|p2a: Unfezant|Night Slash|p1a: Uxie
|-supereffective|p1a: Uxie
|-crit|p1a: Uxie
|-damage|p1a: Uxie|11\/100
|
|-heal|p1a: Uxie|17\/100|[from] item: Leftovers
|upkeep
|turn|18
|choice|move knockoff|move hypnosis
|
|move|p1a: Uxie|Knock Off|p2a: Unfezant
|-damage|p2a: Unfezant|79\/100
|-enditem|p2a: Unfezant|Scope Lens|[from] move: Knock Off|[of] p1a: Uxie
|move|p2a: Unfezant|Hypnosis|p1a: Uxie|[miss]
|-miss|p2a: Unfezant|p1a: Uxie
|
|-end|p2a: Unfezant|move: Yawn|[silent]
|-status|p2a: Unfezant|slp
|-heal|p1a: Uxie|23\/100|[from] item: Leftovers
|upkeep
|turn|19
|choice|switch 3|move nightslash
|
|switch|p1a: Lapras|Lapras, L79, M|100\/100
|cant|p2a: Unfezant|slp
|
|upkeep
|turn|20
|choice|move icebeam|move nightslash
|
|cant|p2a: Unfezant|slp
|move|p1a: Lapras|Ice Beam|p2a: Unfezant
|-supereffective|p2a: Unfezant
|-damage|p2a: Unfezant|0 fnt
|faint|p2a: Unfezant
|
|win|ufrgy
|raw|ufrgy's rating: 1294 &rarr; <strong>1324<\/strong><br \/>(+30 for winning)
|raw|cptamerica96's rating: 1360 &rarr; <strong>1336<\/strong><br \/>(-24 for losing)
|l|cptamerica96</script>
</div>
<div class="battle-log battle-log-inline"><div class="inner"><div class="chat"><small>ufrgy joined.</small></div><div class="chat"><small>cptamerica96 joined.</small></div><div style="padding:5px 0"><small>Format:</small> <br><strong>[Gen 7] Random Battle</strong></div><div class="rated"><strong>Rated battle</strong></div><div><small><em>Sleep Clause Mod:</em> Limit one foe put to sleep</small></div><div><small><em>HP Percentage Mod:</em> HP is shown in percentages</small></div><div>Battle between ufrgy and cptamerica96 started!</div><div class="spacer"></div><div>Go! Stoutland!</div><div class="spacer"></div><div>cptamerica96 sent out Tyranitar!</div><div><small>[<span class="battle-nickname" title="Stoutland">Stoutland</span>'s Intimidate!]</small></div><div><small>The opposing <span class="battle-nickname-foe" title="Tyranitar">Tyranitar</span>'s Attack fell! </small></div><div><small>[Opposing <span class="battle-nickname-foe" title="Tyranitar">Tyranitar</span>'s Sand Stream!]</small></div><div><small>A sandstorm kicked up!</small></div><h2>Turn 1</h2><div class="spacer"></div><div><small>The opposing <span class="battle-nickname-foe" title="Tyranitar-Mega">Tyranitar</span>'s Tyranitarite is reacting to cptamerica96's Mega Bracelet!<br>The opposing <span class="battle-nickname-foe" title="Tyranitar-Mega">Tyranitar</span> has Mega Evolved into Mega Tyranitar!</small></div><div class="spacer"></div><div><span class="battle-nickname" title="Stoutland">Stoutland</span> used <strong>Superpower</strong>!</div><div><small>It's super effective! </small><small>The opposing <span class="battle-nickname-foe" title="Tyranitar-Mega">Tyranitar</span> lost 83% of its health!</small><br></div><div><small><span class="battle-nickname" title="Stoutland">Stoutland</span>'s Attack fell! <span class="battle-nickname" title="Stoutland">Stoutland</span>'s Defense fell! </small></div><div class="spacer"></div><div>The opposing <span class="battle-nickname-foe" title="Tyranitar-Mega">Tyranitar</span> used <strong>Stone Edge</strong>!</div><div><small><span class="battle-nickname" title="Stoutland">Stoutland</span> lost 54% of its health!</small><br></div><div><small>The sandstorm is raging.</small></div><div class="spacer"></div><div><small><span class="battle-nickname" title="Stoutland">Stoutland</span> is buffeted by the sandstorm!</small></div><h2>Turn 2</h2><div class="chat message-error">Battle timer is ON: inactive players will automatically lose when time's up. (requested by cptamerica96)</div><div class="spacer"></div><div><span class="battle-nickname" title="Stoutland">Stoutland</span> used <strong>Superpower</strong>!</div><div><small>It's super effective! </small><small>The opposing <span class="battle-nickname-foe" title="Tyranitar-Mega">Tyranitar</span> lost 17% of its health!</small><br></div><div><small><span class="battle-nickname" title="Stoutland">Stoutland</span>'s Attack fell! <span class="battle-nickname" title="Stoutland">Stoutland</span>'s Defense fell! </small></div><div class="spacer"></div><div>The opposing <span class="battle-nickname-foe" title="Tyranitar-Mega">Tyranitar</span> fainted!</div><div><small>The sandstorm is raging.</small></div><div class="spacer"></div><div><small><span class="battle-nickname" title="Stoutland">Stoutland</span> is buffeted by the sandstorm!</small></div><div class="spacer"></div><div>cptamerica96 sent out Furfrou!</div><h2>Turn 3</h2><div class="spacer"></div><div><span class="battle-nickname" title="Stoutland">Stoutland</span>, come back!</div><div class="spacer"></div><div>Go! Magnezone!</div><div class="spacer"></div><div>The opposing <span class="battle-nickname-foe" title="Furfrou">Furfrou</span> used <strong>Cotton Guard</strong>!</div><div><small>The opposing <span class="battle-nickname-foe" title="Furfrou">Furfrou</span>'s Defense rose drastically! </small></div><div><small>The sandstorm is raging.</small></div><div class="spacer"></div><div><small>The opposing <span class="battle-nickname-foe" title="Furfrou">Furfrou</span> is buffeted by the sandstorm!</small></div><h2>Turn 4</h2><div class="spacer"></div><div>The opposing <span class="battle-nickname-foe" title="Furfrou">Furfrou</span> used <strong>Cotton Guard</strong>!</div><div><small>The opposing <span class="battle-nickname-foe" title="Furfrou">Furfrou</span>'s Defense rose drastically! </small></div><div class="spacer"></div><div><span class="battle-nickname" title="Magnezone">Magnezone</span> used <strong>Thunderbolt</strong>!</div><div><small>A critical hit! </small><small>The opposing <span class="battle-nickname-foe" title="Furfrou">Furfrou</span> lost 60% of its health!</small><br></div><div><small>The sandstorm is raging.</small></div><div class="spacer"></div><div><small>The opposing <span class="battle-nickname-foe" title="Furfrou">Furfrou</span> is buffeted by the sandstorm!</small></div><h2>Turn 5</h2><div class="spacer"></div><div>The opposing <span class="battle-nickname-foe" title="Furfrou">Furfrou</span> used <strong>Rest</strong>!</div><div><small>The opposing <span class="battle-nickname-foe" title="Furfrou">Furfrou</span> fell asleep!</small></div><div><small>The opposing <span class="battle-nickname-foe" title="Furfrou">Furfrou</span> slept and became healthy!</small></div><div><small>The opposing <span class="battle-nickname-foe" title="Furfrou">Furfrou</span> ate its Chesto Berry!</small></div><div><small>The opposing <span class="battle-nickname-foe" title="Furfrou">Furfrou</span> woke up!</small></div><div class="spacer"></div><div><span class="battle-nickname" title="Magnezone">Magnezone</span> used <strong>Thunderbolt</strong>!</div><div><small>The opposing <span class="battle-nickname-foe" title="Furfrou">Furfrou</span> lost 43% of its health!</small><br></div><div class="spacer"></div><div><small>The sandstorm subsided.</small></div><h2>Turn 6</h2><div class="spacer"></div><div>The opposing <span class="battle-nickname-foe" title="Furfrou">Furfrou</span> used <strong>Return</strong>!</div><div><small>It's not very effective... </small><small><span class="battle-nickname" title="Magnezone">Magnezone</span> lost 17% of its health!</small><br></div><div class="spacer"></div><div><span class="battle-nickname" title="Magnezone">Magnezone</span> used <strong>Thunderbolt</strong>!</div><div><small>The opposing <span class="battle-nickname-foe" title="Furfrou">Furfrou</span> lost 44% of its health!</small><br></div><h2>Turn 7</h2><div class="spacer"></div><div>The opposing <span class="battle-nickname-foe" title="Furfrou">Furfrou</span> used <strong>Return</strong>!</div><div><small>It's not very effective... </small><small><span class="battle-nickname" title="Magnezone">Magnezone</span> lost 14% of its health!</small><br></div><div class="spacer"></div><div><span class="battle-nickname" title="Magnezone">Magnezone</span> used <strong>Thunderbolt</strong>!</div><div><small>The opposing <span class="battle-nickname-foe" title="Furfrou">Furfrou</span> lost 12% of its health!</small><br></div><div class="spacer"></div><div>The opposing <span class="battle-nickname-foe" title="Furfrou">Furfrou</span> fainted!</div><div class="spacer"></div><div>cptamerica96 sent out Moltres!</div><h2>Turn 8</h2><div class="spacer"></div><div><span class="battle-nickname" title="Magnezone">Magnezone</span> used <strong>Thunderbolt</strong>!</div><div><small>It's super effective! </small><small>The opposing <span class="battle-nickname-foe" title="Moltres">Moltres</span> lost 82% of its health!</small><br></div><div class="spacer"></div><div>The opposing <span class="battle-nickname-foe" title="Moltres">Moltres</span> used <strong>Fire Blast</strong>!</div><div><small>It's super effective! </small><small><span class="battle-nickname" title="Magnezone">Magnezone</span> lost 69% of its health!</small><br></div><div><small>The opposing <span class="battle-nickname-foe" title="Moltres">Moltres</span> lost some of its HP!</small></div><div class="spacer"></div><div><span class="battle-nickname" title="Magnezone">Magnezone</span> fainted!</div><div class="spacer"></div><div>Go! Froslass!</div><h2>Turn 9</h2><div class="spacer"></div><div><span class="battle-nickname" title="Froslass">Froslass</span> used <strong>Ice Beam</strong>!</div><div><small>The opposing <span class="battle-nickname-foe" title="Moltres">Moltres</span> lost 8% of its health!</small><br></div><div class="spacer"></div><div>The opposing <span class="battle-nickname-foe" title="Moltres">Moltres</span> fainted!</div><div class="spacer"></div><div>cptamerica96 sent out <span class="battle-nickname-foe" title="Persian-Alola">Persian <small>(Persian-Alola)</small></span>!</div><h2>Turn 10</h2><div class="spacer"></div><div>The opposing <span class="battle-nickname-foe" title="Persian-Alola">Persian</span> used <strong>Nasty Plot</strong>!</div><div><small>The opposing <span class="battle-nickname-foe" title="Persian-Alola">Persian</span>'s Special Attack rose sharply! </small></div><div class="spacer"></div><div><span class="battle-nickname" title="Froslass">Froslass</span> used <strong>Thunder Wave</strong>!</div><div><small>The opposing <span class="battle-nickname-foe" title="Persian-Alola">Persian</span> is paralyzed! It may be unable to move!</small></div><h2>Turn 11</h2><div class="spacer"></div><div><span class="battle-nickname" title="Froslass">Froslass</span> used <strong>Destiny Bond</strong>!</div><div><small><span class="battle-nickname" title="Froslass">Froslass</span> is hoping to take its attacker down with it!</small></div><div class="spacer"></div><div>The opposing <span class="battle-nickname-foe" title="Persian-Alola">Persian</span> is paralyzed! It can't move!</div><h2>Turn 12</h2><div class="spacer"></div><div><span class="battle-nickname" title="Froslass">Froslass</span> used <strong>Ice Beam</strong>!</div><div><small>The opposing <span class="battle-nickname-foe" title="Persian-Alola">Persian</span> lost 45% of its health!</small><br></div><div class="spacer"></div><div>The opposing <span class="battle-nickname-foe" title="Persian-Alola">Persian</span> used <strong>Hypnosis</strong>!</div><div><small><span class="battle-nickname" title="Froslass">Froslass</span> avoided the attack!</small></div><div class="spacer"></div><div><small>The opposing <span class="battle-nickname-foe" title="Persian-Alola">Persian</span> restored a little HP using its Leftovers!</small></div><h2>Turn 13</h2><div class="spacer"></div><div><span class="battle-nickname" title="Froslass">Froslass</span> used <strong>Taunt</strong>!</div><div><small>The opposing <span class="battle-nickname-foe" title="Persian-Alola">Persian</span> fell for the taunt!</small></div><div class="spacer"></div><div>The opposing <span class="battle-nickname-foe" title="Persian-Alola">Persian</span> can't use Hypnosis after the taunt!</div><div class="spacer"></div><div><small>The opposing <span class="battle-nickname-foe" title="Persian-Alola">Persian</span> restored a little HP using its Leftovers!</small></div><h2>Turn 14</h2><div class="spacer"></div><div><span class="battle-nickname" title="Froslass">Froslass</span> used <strong>Destiny Bond</strong>!</div><div><small><span class="battle-nickname" title="Froslass">Froslass</span> is hoping to take its attacker down with it!</small></div><div class="spacer"></div><div>The opposing <span class="battle-nickname-foe" title="Persian-Alola">Persian</span> used <strong>Dark Pulse</strong>!</div><div><small>It's super effective! </small><small><span class="battle-nickname" title="Froslass">Froslass</span> lost 100% of its health!</small><br></div><div class="spacer"></div><div><span class="battle-nickname" title="Froslass">Froslass</span> fainted!</div><div><small><span class="battle-nickname" title="Froslass">Froslass</span> took its attacker down with it!</small></div><div class="spacer"></div><div>The opposing <span class="battle-nickname-foe" title="Persian-Alola">Persian</span> fainted!</div><div class="spacer"></div><div>Go! Stoutland!</div><div class="spacer"></div><div>cptamerica96 sent out Corsola!</div><div><small>[<span class="battle-nickname" title="Stoutland">Stoutland</span>'s Intimidate!]</small></div><div><small>The opposing <span class="battle-nickname-foe" title="Corsola">Corsola</span>'s Attack fell! </small></div><div><small>The opposing <span class="battle-nickname-foe" title="Corsola">Corsola</span> floats in the air with its Air Balloon!</small></div><h2>Turn 15</h2><div class="spacer"></div><div><span class="battle-nickname" title="Stoutland">Stoutland</span> used <strong>Superpower</strong>!</div><div><small>It's super effective! A critical hit! </small><small>The opposing <span class="battle-nickname-foe" title="Corsola">Corsola</span> lost 100% of its health!</small><br></div><div><small>The opposing <span class="battle-nickname-foe" title="Corsola">Corsola</span>'s Air Balloon popped!</small></div><div><small><span class="battle-nickname" title="Stoutland">Stoutland</span>'s Attack fell! <span class="battle-nickname" title="Stoutland">Stoutland</span>'s Defense fell! </small></div><div class="spacer"></div><div>The opposing <span class="battle-nickname-foe" title="Corsola">Corsola</span> fainted!</div><div class="spacer"></div><div>cptamerica96 sent out Unfezant!</div><h2>Turn 16</h2><div class="spacer"></div><div><span class="battle-nickname" title="Stoutland">Stoutland</span>, come back!</div><div class="spacer"></div><div>Go! Uxie!</div><div class="spacer"></div><div>The opposing <span class="battle-nickname-foe" title="Unfezant">Unfezant</span> used <strong>Night Slash</strong>!</div><div><small>It's super effective! A critical hit! </small><small><span class="battle-nickname" title="Uxie">Uxie</span> lost 48% of its health!</small><br></div><div class="spacer"></div><div><small><span class="battle-nickname" title="Uxie">Uxie</span> restored a little HP using its Leftovers!</small></div><h2>Turn 17</h2><div class="spacer"></div><div><span class="battle-nickname" title="Uxie">Uxie</span> used <strong>Yawn</strong>!</div><div><small>The opposing <span class="battle-nickname-foe" title="Unfezant">Unfezant</span> grew drowsy!</small></div><div class="spacer"></div><div>The opposing <span class="battle-nickname-foe" title="Unfezant">Unfezant</span> used <strong>Night Slash</strong>!</div><div><small>It's super effective! A critical hit! </small><small><span class="battle-nickname" title="Uxie">Uxie</span> lost 46% of its health!</small><br></div><div class="spacer"></div><div><small><span class="battle-nickname" title="Uxie">Uxie</span> restored a little HP using its Leftovers!</small></div><h2>Turn 18</h2><div class="spacer"></div><div><span class="battle-nickname" title="Uxie">Uxie</span> used <strong>Knock Off</strong>!</div><div><small>The opposing <span class="battle-nickname-foe" title="Unfezant">Unfezant</span> lost 21% of its health!</small><br></div><div><small><span class="battle-nickname" title="Uxie">Uxie</span> knocked off the opposing <span class="battle-nickname-foe" title="Unfezant">Unfezant</span>'s Scope Lens!</small></div><div class="spacer"></div><div>The opposing <span class="battle-nickname-foe" title="Unfezant">Unfezant</span> used <strong>Hypnosis</strong>!</div><div><small><span class="battle-nickname" title="Uxie">Uxie</span> avoided the attack!</small></div><div class="spacer"></div><div><small>The opposing <span class="battle-nickname-foe" title="Unfezant">Unfezant</span> fell asleep!</small></div><div><small><span class="battle-nickname" title="Uxie">Uxie</span> restored a little HP using its Leftovers!</small></div><h2>Turn 19</h2><div class="spacer"></div><div><span class="battle-nickname" title="Uxie">Uxie</span>, come back!</div><div class="spacer"></div><div>Go! Lapras!</div><div class="spacer"></div><div>The opposing <span class="battle-nickname-foe" title="Unfezant">Unfezant</span> is fast asleep.</div><h2>Turn 20</h2><div class="spacer"></div><div>The opposing <span class="battle-nickname-foe" title="Unfezant">Unfezant</span> is fast asleep.</div><div class="spacer"></div><div><span class="battle-nickname" title="Lapras">Lapras</span> used <strong>Ice Beam</strong>!</div><div><small>It's super effective! </small><small>The opposing <span class="battle-nickname-foe" title="Unfezant">Unfezant</span> lost 79% of its health!</small><br></div><div class="spacer"></div><div>The opposing <span class="battle-nickname-foe" title="Unfezant">Unfezant</span> fainted!</div><div class="spacer"></div><div>ufrgy won the battle!</div><div class="chat">ufrgy's rating: 1294 → <strong>1324</strong><br>(+30 for winning)</div><div class="chat">cptamerica96's rating: 1360 → <strong>1336</strong><br>(-24 for losing)</div><div class="chat"><small>cptamerica96 left.</small></div></div></div>
</div>
<script>
var daily = Math.floor(Date.now()/1000/60/60/24);document.write('<script src="https://play.pokemonshowdown.com/js/replay-embed.js?version'+daily+'"></'+'script>');
</script>
