<!DOCTYPE html>
<meta charset="utf-8" />
<!-- version 1 -->
<title>[Gen 7] Random Battle replay: trgriff vs. Ferger</title>
<style>
html,body {font-family:Verdana, sans-serif;font-size:10pt;margin:0;padding:0;}body{padding:12px 0;} .battle-log {font-family:Verdana, sans-serif;font-size:10pt;} .battle-log-inline {border:1px solid #AAAAAA;background:#EEF2F5;color:black;max-width:640px;margin:0 auto 80px;padding-bottom:5px;} .battle-log .inner {padding:4px 8px 0px 8px;} .battle-log .inner-preempt {padding:0 8px 4px 8px;} .battle-log .inner-after {margin-top:0.5em;} .battle-log h2 {margin:0.5em -8px;padding:4px 8px;border:1px solid #AAAAAA;background:#E0E7EA;border-left:0;border-right:0;font-family:Verdana, sans-serif;font-size:13pt;} .battle-log .chat {vertical-align:middle;padding:3px 0 3px 0;font-size:8pt;} .battle-log .chat strong {color:#40576A;} .battle-log .chat em {padding:1px 4px 1px 3px;color:#000000;font-style:normal;} .chat.mine {background:rgba(0,0,0,0.05);margin-left:-8px;margin-right:-8px;padding-left:8px;padding-right:8px;} .spoiler {color:#BBBBBB;background:#BBBBBB;padding:0px 3px;} .spoiler:hover, .spoiler:active, .spoiler-shown {color:#000000;background:#E2E2E2;padding:0px 3px;} .spoiler a {color:#BBBBBB;} .spoiler:hover a, .spoiler:active a, .spoiler-shown a {color:#2288CC;} .chat code, .chat .spoiler:hover code, .chat .spoiler:active code, .chat .spoiler-shown code {border:1px solid #C0C0C0;background:#EEEEEE;color:black;padding:0 2px;} .chat .spoiler code {border:1px solid #CCCCCC;background:#CCCCCC;color:#CCCCCC;} .battle-log .rated {padding:3px 4px;} .battle-log .rated strong {color:white;background:#89A;padding:1px 4px;border-radius:4px;} .spacer {margin-top:0.5em;} .message-announce {background:#6688AA;color:white;padding:1px 4px 2px;} .message-announce a, .broadcast-green a, .broadcast-blue a, .broadcast-red a {color:#DDEEFF;} .broadcast-green {background-color:#559955;color:white;padding:2px 4px;} .broadcast-blue {background-color:#6688AA;color:white;padding:2px 4px;} .infobox {border:1px solid #6688AA;padding:2px 4px;} .infobox-limited {max-height:200px;overflow:auto;overflow-x:hidden;} .broadcast-red {background-color:#AA5544;color:white;padding:2px 4px;} .message-learn-canlearn {font-weight:bold;color:#228822;text-decoration:underline;} .message-learn-cannotlearn {font-weight:bold;color:#CC2222;text-decoration:underline;} .message-effect-weak {font-weight:bold;color:#CC2222;} .message-effect-resist {font-weight:bold;color:#6688AA;} .message-effect-immune {font-weight:bold;color:#666666;} .message-learn-list {margin-top:0;margin-bottom:0;} .message-throttle-notice, .message-error {color:#992222;} .message-overflow, .chat small.message-overflow {font-size:0pt;} .message-overflow::before {font-size:9pt;content:'...';} .subtle {color:#3A4A66;}
</style>
<div class="wrapper replay-wrapper" style="max-width:1180px;margin:0 auto">
<input type="hidden" name="replayid" value="gen7randombattle-566896107" />
<div class="battle"></div><div class="battle-log"></div><div class="replay-controls"></div><div class="replay-controls-2"></div>
<h1 style="font-weight:normal;text-align:center"><strong>[Gen 7] Random Battle</strong><br /><a href="http://pokemonshowdown.com/users/trgriff" class="subtle" target="_blank">trgriff</a> vs. <a href="http://pokemonshowdown.com/users/ferger" class="subtle" target="_blank">Ferger</a></h1>
<script type="text/plain" class="battle-log-data">|j|trgriff
|j|Ferger
|player|p1|trgriff|266
|player|p2|Ferger|70
|gametype|singles
|gen|7
|tier|[Gen 7] Random Battle
|rated
|seed|58402,41920,37624,31618,54163,40591,60203,60445,47859,16353,27760,52603
|rule|Sleep Clause Mod: Limit one foe put to sleep
|rule|HP Percentage Mod: HP is shown in percentages
|
|start
|switch|p1a: Sunflora|Sunflora, L79, M|100\/100
|switch|p2a: Golduck|Golduck, L79, M|100\/100
|-ability|p2a: Golduck|Cloud Nine
|turn|1
|choice|move sunnyday|move substitute
|
|move|p2a: Golduck|Substitute|p2a: Golduck
|-start|p2a: Golduck|Substitute
|-damage|p2a: Golduck|75\/100
|move|p1a: Sunflora|Sunny Day|p1a: Sunflora
|-weather|SunnyDay
|
|-weather|SunnyDay|[upkeep]
|-heal|p2a: Golduck|82\/100|[from] item: Leftovers
|upkeep
|turn|2
|choice|move gigadrain|move icebeam
|
|move|p2a: Golduck|Ice Beam|p1a: Sunflora
|-supereffective|p1a: Sunflora
|-damage|p1a: Sunflora|52\/100
|-status|p1a: Sunflora|frz
|cant|p1a: Sunflora|frz
|
|-weather|SunnyDay|[upkeep]
|-heal|p2a: Golduck|88\/100|[from] item: Leftovers
|upkeep
|turn|3
|choice|move gigadrain|move icebeam
|
|move|p2a: Golduck|Ice Beam|p1a: Sunflora
|-supereffective|p1a: Sunflora
|-damage|p1a: Sunflora|6\/100 frz
|-curestatus|p1a: Sunflora|frz|[msg]
|move|p1a: Sunflora|Giga Drain|p2a: Golduck
|-supereffective|p2a: Golduck
|-end|p2a: Golduck|Substitute
|-heal|p1a: Sunflora|19\/100|[from] drain|[of] p2a: Golduck
|-damage|p1a: Sunflora|9\/100|[from] item: Life Orb
|
|-weather|SunnyDay|[upkeep]
|-heal|p2a: Golduck|94\/100|[from] item: Leftovers
|upkeep
|turn|4
|c|☆Ferger|lol
|choice|move gigadrain|move icebeam
|
|move|p2a: Golduck|Ice Beam|p1a: Sunflora
|-supereffective|p1a: Sunflora
|-damage|p1a: Sunflora|0 fnt
|faint|p1a: Sunflora
|
|-weather|SunnyDay|[upkeep]
|-heal|p2a: Golduck|100\/100|[from] item: Leftovers
|upkeep
|choice|switch 5|
|
|switch|p1a: Lickilicky|Lickilicky, L79, F|100\/100
|-ability|p1a: Lickilicky|Cloud Nine
|turn|5
|choice|move knockoff|move substitute
|
|move|p2a: Golduck|Substitute|p2a: Golduck
|-start|p2a: Golduck|Substitute
|-damage|p2a: Golduck|75\/100
|move|p1a: Lickilicky|Knock Off|p2a: Golduck
|-activate|p2a: Golduck|move: Substitute|[damage]
|
|-weather|none
|-heal|p2a: Golduck|82\/100|[from] item: Leftovers
|upkeep
|turn|6
|choice|move bodyslam|move scald
|
|move|p2a: Golduck|Scald|p1a: Lickilicky
|-damage|p1a: Lickilicky|76\/100
|move|p1a: Lickilicky|Body Slam|p2a: Golduck
|-end|p2a: Golduck|Substitute
|
|-heal|p2a: Golduck|88\/100|[from] item: Leftovers
|-heal|p1a: Lickilicky|82\/100|[from] item: Leftovers
|upkeep
|turn|7
|c|☆trgriff|ugh
|choice|move bodyslam|move substitute
|
|move|p2a: Golduck|Substitute|p2a: Golduck
|-start|p2a: Golduck|Substitute
|-damage|p2a: Golduck|63\/100
|move|p1a: Lickilicky|Body Slam|p2a: Golduck
|-end|p2a: Golduck|Substitute
|
|-heal|p2a: Golduck|69\/100|[from] item: Leftovers
|-heal|p1a: Lickilicky|88\/100|[from] item: Leftovers
|upkeep
|turn|8
|choice|move bodyslam|move scald
|
|move|p2a: Golduck|Scald|p1a: Lickilicky
|-damage|p1a: Lickilicky|62\/100
|move|p1a: Lickilicky|Body Slam|p2a: Golduck
|-damage|p2a: Golduck|38\/100
|-status|p2a: Golduck|par
|
|-heal|p1a: Lickilicky|68\/100|[from] item: Leftovers
|-heal|p2a: Golduck|44\/100 par|[from] item: Leftovers
|upkeep
|turn|9
|choice|move bodyslam|move scald
|
|move|p1a: Lickilicky|Body Slam|p2a: Golduck
|-damage|p2a: Golduck|11\/100 par
|cant|p2a: Golduck|par
|
|-heal|p1a: Lickilicky|74\/100|[from] item: Leftovers
|-heal|p2a: Golduck|17\/100 par|[from] item: Leftovers
|upkeep
|turn|10
|choice|move knockoff|switch 5
|
|switch|p2a: Carracosta|Carracosta, L79, F|100\/100
|move|p1a: Lickilicky|Knock Off|p2a: Carracosta
|-damage|p2a: Carracosta|82\/100
|-enditem|p2a: Carracosta|Weakness Policy|[from] move: Knock Off|[of] p1a: Lickilicky
|
|-heal|p1a: Lickilicky|80\/100|[from] item: Leftovers
|upkeep
|turn|11
|choice|move knockoff|move shellsmash
|
|move|p1a: Lickilicky|Knock Off|p2a: Carracosta
|-damage|p2a: Carracosta|70\/100
|move|p2a: Carracosta|Shell Smash|p2a: Carracosta
|-unboost|p2a: Carracosta|def|1
|-unboost|p2a: Carracosta|spd|1
|-boost|p2a: Carracosta|atk|2
|-boost|p2a: Carracosta|spa|2
|-boost|p2a: Carracosta|spe|2
|
|-heal|p1a: Lickilicky|86\/100|[from] item: Leftovers
|upkeep
|turn|12
|choice|move bodyslam|move stoneedge
|
|move|p2a: Carracosta|Stone Edge|p1a: Lickilicky
|-damage|p1a: Lickilicky|22\/100
|move|p1a: Lickilicky|Body Slam|p2a: Carracosta
|-resisted|p2a: Carracosta
|-damage|p2a: Carracosta|54\/100
|-status|p2a: Carracosta|par
|
|-heal|p1a: Lickilicky|28\/100|[from] item: Leftovers
|upkeep
|turn|13
|choice|move explosion|move aquajet
|
|move|p2a: Carracosta|Aqua Jet|p1a: Lickilicky
|-damage|p1a: Lickilicky|1\/100
|move|p1a: Lickilicky|Explosion|p2a: Carracosta
|-resisted|p2a: Carracosta
|-damage|p2a: Carracosta|9\/100 par
|faint|p1a: Lickilicky
|
|upkeep
|choice|switch 4|
|
|switch|p1a: Qwilfish|Qwilfish, L79, M|100\/100
|-ability|p1a: Qwilfish|Intimidate|boost
|-unboost|p2a: Carracosta|atk|1
|turn|14
|choice|move waterfall|move aquajet
|
|move|p2a: Carracosta|Aqua Jet|p1a: Qwilfish
|-resisted|p1a: Qwilfish
|-damage|p1a: Qwilfish|87\/100
|move|p1a: Qwilfish|Waterfall|p2a: Carracosta
|-damage|p2a: Carracosta|0 fnt
|faint|p2a: Carracosta
|
|-heal|p1a: Qwilfish|93\/100|[from] item: Black Sludge
|upkeep
|choice||switch 2
|
|switch|p2a: Genesect|Genesect-Chill, L73|100\/100
|-ability|p2a: Genesect|Download|boost
|-boost|p2a: Genesect|spa|1
|turn|15
|choice|move toxicspikes|move ironhead
|
|move|p2a: Genesect|Iron Head|p1a: Qwilfish
|-resisted|p1a: Qwilfish
|-damage|p1a: Qwilfish|76\/100
|move|p1a: Qwilfish|Toxic Spikes|p2a: Genesect
|-sidestart|p2: Ferger|move: Toxic Spikes
|
|-heal|p1a: Qwilfish|82\/100|[from] item: Black Sludge
|upkeep
|turn|16
|choice|move toxicspikes|move ironhead
|
|move|p2a: Genesect|Iron Head|p1a: Qwilfish
|-resisted|p1a: Qwilfish
|-damage|p1a: Qwilfish|66\/100
|move|p1a: Qwilfish|Toxic Spikes|p2a: Genesect
|-sidestart|p2: Ferger|move: Toxic Spikes
|
|-heal|p1a: Qwilfish|72\/100|[from] item: Black Sludge
|upkeep
|turn|17
|choice|move spikes|move ironhead
|
|move|p2a: Genesect|Iron Head|p1a: Qwilfish
|-resisted|p1a: Qwilfish
|-damage|p1a: Qwilfish|54\/100
|move|p1a: Qwilfish|Spikes|p2a: Genesect
|-sidestart|p2: Ferger|Spikes
|
|-heal|p1a: Qwilfish|60\/100|[from] item: Black Sludge
|upkeep
|turn|18
|choice|move spikes|move ironhead
|
|move|p2a: Genesect|Iron Head|p1a: Qwilfish
|-resisted|p1a: Qwilfish
|-damage|p1a: Qwilfish|41\/100
|move|p1a: Qwilfish|Spikes|p2a: Genesect
|-sidestart|p2: Ferger|Spikes
|
|-heal|p1a: Qwilfish|47\/100|[from] item: Black Sludge
|upkeep
|turn|19
|choice|move spikes|move ironhead
|
|move|p2a: Genesect|Iron Head|p1a: Qwilfish
|-resisted|p1a: Qwilfish
|-damage|p1a: Qwilfish|29\/100
|move|p1a: Qwilfish|Spikes|p2a: Genesect
|-sidestart|p2: Ferger|Spikes
|
|-heal|p1a: Qwilfish|35\/100|[from] item: Black Sludge
|upkeep
|turn|20
|choice|move waterfall|move ironhead
|
|move|p2a: Genesect|Iron Head|p1a: Qwilfish
|-resisted|p1a: Qwilfish
|-damage|p1a: Qwilfish|16\/100
|move|p1a: Qwilfish|Waterfall|p2a: Genesect
|-damage|p2a: Genesect|65\/100
|
|-heal|p1a: Qwilfish|22\/100|[from] item: Black Sludge
|upkeep
|turn|21
|choice|move destinybond|move ironhead
|
|move|p2a: Genesect|Iron Head|p1a: Qwilfish
|-resisted|p1a: Qwilfish
|-damage|p1a: Qwilfish|4\/100
|move|p1a: Qwilfish|Destiny Bond|p1a: Qwilfish
|-singlemove|p1a: Qwilfish|Destiny Bond
|
|-heal|p1a: Qwilfish|10\/100|[from] item: Black Sludge
|upkeep
|turn|22
|c|☆Ferger|no flinsh lol
|choice|move waterfall|switch 5
|
|switch|p2a: Golduck|Golduck, L79, M|17\/100 par
|-damage|p2a: Golduck|0 fnt|[from] Spikes
|faint|p2a: Golduck
|move|p1a: Qwilfish|Waterfall|p2: Golduck|[notarget]
|-notarget
|
|-heal|p1a: Qwilfish|16\/100|[from] item: Black Sludge
|upkeep
|choice||switch 5
|
|switch|p2a: Genesect|Genesect-Chill, L73|65\/100
|-damage|p2a: Genesect|40\/100|[from] Spikes
|-ability|p2a: Genesect|Download|boost
|-boost|p2a: Genesect|spa|1
|turn|23
|c|☆trgriff|nah B
|choice|move destinybond|move ironhead
|
|move|p2a: Genesect|Iron Head|p1a: Qwilfish
|-resisted|p1a: Qwilfish
|-crit|p1a: Qwilfish
|-damage|p1a: Qwilfish|0 fnt
|faint|p1a: Qwilfish
|
|upkeep
|choice|switch 2|
|
|switch|p1a: Shuckle|Shuckle, L79, F|100\/100
|turn|24
|choice|move infestation|move technoblast
|
|move|p2a: Genesect|Techno Blast|p1a: Shuckle
|-damage|p1a: Shuckle|65\/100
|move|p1a: Shuckle|Infestation|p2a: Genesect
|-resisted|p2a: Genesect
|-damage|p2a: Genesect|39\/100
|-activate|p2a: Genesect|move: Infestation|[of] p1a: Shuckle
|
|-heal|p1a: Shuckle|71\/100|[from] item: Leftovers
|-damage|p2a: Genesect|26\/100|[from] move: Infestation|[partiallytrapped]
|upkeep
|turn|25
|choice|move knockoff|move ironhead
|
|move|p2a: Genesect|Iron Head|p1a: Shuckle
|-supereffective|p1a: Shuckle
|-damage|p1a: Shuckle|25\/100
|move|p1a: Shuckle|Knock Off|p2a: Genesect
|-damage|p2a: Genesect|20\/100
|
|-heal|p1a: Shuckle|32\/100|[from] item: Leftovers
|-damage|p2a: Genesect|7\/100|[from] move: Infestation|[partiallytrapped]
|upkeep
|turn|26
|choice|move knockoff|move ironhead
|
|move|p2a: Genesect|Iron Head|p1a: Shuckle
|-supereffective|p1a: Shuckle
|-damage|p1a: Shuckle|0 fnt
|faint|p1a: Shuckle
|
|upkeep
|choice|switch 3|
|
|switch|p1a: Mamoswine|Mamoswine, L75, M|100\/100
|turn|27
|c|☆Ferger|ice shard ?
|choice|move iceshard|move ironhead
|
|move|p1a: Mamoswine|Ice Shard|p2a: Genesect
|-resisted|p2a: Genesect
|-damage|p2a: Genesect|0 fnt
|faint|p2a: Genesect
|
|upkeep
|choice||switch 3
|
|switch|p2a: Snorlax|Snorlax, L79, F|100\/100
|-status|p2a: Snorlax|tox
|-damage|p2a: Snorlax|76\/100 tox|[from] Spikes
|turn|28
|choice|move iceshard|move earthquake
|
|move|p1a: Mamoswine|Ice Shard|p2a: Snorlax
|-damage|p2a: Snorlax|65\/100 tox
|move|p2a: Snorlax|Earthquake|p1a: Mamoswine
|-damage|p1a: Mamoswine|74\/100
|
|-heal|p2a: Snorlax|71\/100 tox|[from] item: Leftovers
|-damage|p2a: Snorlax|65\/100 tox|[from] psn
|upkeep
|turn|29
|c|☆Ferger|think u win with spikes
|choice|move iceshard|move return
|
|move|p1a: Mamoswine|Ice Shard|p2a: Snorlax
|-damage|p2a: Snorlax|54\/100 tox
|move|p2a: Snorlax|Return|p1a: Mamoswine
|-damage|p1a: Mamoswine|34\/100
|
|-heal|p2a: Snorlax|60\/100 tox|[from] item: Leftovers
|-damage|p2a: Snorlax|48\/100 tox|[from] psn
|upkeep
|turn|30
|choice|move iceshard|move return
|
|move|p1a: Mamoswine|Ice Shard|p2a: Snorlax
|-damage|p2a: Snorlax|37\/100 tox
|move|p2a: Snorlax|Return|p1a: Mamoswine
|-damage|p1a: Mamoswine|0 fnt
|faint|p1a: Mamoswine
|
|-heal|p2a: Snorlax|43\/100 tox|[from] item: Leftovers
|-damage|p2a: Snorlax|25\/100 tox|[from] psn
|upkeep
|choice|switch 6|
|
|switch|p1a: Rayquaza|Rayquaza, L73|100\/100
|-ability|p1a: Rayquaza|Air Lock
|turn|31
|choice|move dragondance|move return
|
|move|p1a: Rayquaza|Dragon Dance|p1a: Rayquaza
|-boost|p1a: Rayquaza|atk|1
|-boost|p1a: Rayquaza|spe|1
|move|p2a: Snorlax|Return|p1a: Rayquaza
|-damage|p1a: Rayquaza|53\/100
|
|-heal|p2a: Snorlax|31\/100 tox|[from] item: Leftovers
|-damage|p2a: Snorlax|7\/100 tox|[from] psn
|upkeep
|turn|32
|choice|move extremespeed|move return
|
|move|p1a: Rayquaza|Extreme Speed|p2a: Snorlax
|-damage|p2a: Snorlax|0 fnt
|faint|p2a: Snorlax
|
|upkeep
|choice||switch 4
|
|switch|p2a: Crustle|Crustle, L79, F|100\/100
|-damage|p2a: Crustle|76\/100|[from] Spikes
|-status|p2a: Crustle|tox
|turn|33
|choice|move earthquake|move rockblast
|
|move|p1a: Rayquaza|Earthquake|p2a: Crustle
|-damage|p2a: Crustle|38\/100 tox
|move|p2a: Crustle|Rock Blast|p1a: Rayquaza|[miss]
|-miss|p2a: Crustle|p1a: Rayquaza
|
|-heal|p2a: Crustle|44\/100 tox|[from] item: Leftovers
|-damage|p2a: Crustle|38\/100 tox|[from] psn
|upkeep
|turn|34
|c|☆Ferger|if i miss my move
|c|☆trgriff|heh
|choice|move earthquake|move rockblast
|
|move|p1a: Rayquaza|Earthquake|p2a: Crustle
|-damage|p2a: Crustle|2\/100 tox
|move|p2a: Crustle|Rock Blast|p1a: Rayquaza
|-supereffective|p1a: Rayquaza
|-damage|p1a: Rayquaza|31\/100
|-supereffective|p1a: Rayquaza
|-damage|p1a: Rayquaza|9\/100
|-supereffective|p1a: Rayquaza
|-damage|p1a: Rayquaza|0 fnt
|-hitcount|p1a: Rayquaza|3
|faint|p1a: Rayquaza
|
|win|Ferger
|c|☆Ferger|ilol
|raw|trgriff's rating: 1291 &rarr; <strong>1265<\/strong><br \/>(-26 for losing)
|raw|Ferger's rating: 1272 &rarr; <strong>1298<\/strong><br \/>(+26 for winning)
|c|☆Ferger|gg
|l|trgriff</script>
</div>
<div class="battle-log battle-log-inline"><div class="inner"><div class="chat"><small>trgriff joined.</small></div><div class="chat"><small>Ferger joined.</small></div><div style="padding:5px 0"><small>Format:</small> <br><strong>[Gen 7] Random Battle</strong></div><div class="rated"><strong>Rated battle</strong></div><div><small><em>Sleep Clause Mod:</em> Limit one foe put to sleep</small></div><div><small><em>HP Percentage Mod:</em> HP is shown in percentages</small></div><div>Battle between trgriff and Ferger started!</div><div class="spacer"></div><div>Go! Sunflora!</div><div class="spacer"></div><div>Ferger sent out Golduck!</div><div><small>[Opposing <span class="battle-nickname-foe" title="Golduck">Golduck</span>'s Cloud Nine!]</small></div><div><small>The effects of the weather disappeared.</small></div><h2>Turn 1</h2><div class="spacer"></div><div>The opposing <span class="battle-nickname-foe" title="Golduck">Golduck</span> used <strong>Substitute</strong>!</div><div><small>The opposing <span class="battle-nickname-foe" title="Golduck">Golduck</span> put in a substitute!</small></div><div><small>The opposing <span class="battle-nickname-foe" title="Golduck">Golduck</span> lost 25% of its health!</small><br></div><div class="spacer"></div><div><span class="battle-nickname" title="Sunflora">Sunflora</span> used <strong>Sunny Day</strong>!</div><div><small>The sunlight turned harsh!</small></div><div class="spacer"></div><div><small>The opposing <span class="battle-nickname-foe" title="Golduck">Golduck</span> restored a little HP using its Leftovers!</small></div><h2>Turn 2</h2><div class="spacer"></div><div>The opposing <span class="battle-nickname-foe" title="Golduck">Golduck</span> used <strong>Ice Beam</strong>!</div><div><small>It's super effective! </small><small><span class="battle-nickname" title="Sunflora">Sunflora</span> lost 48% of its health!</small><br></div><div><small><span class="battle-nickname" title="Sunflora">Sunflora</span> was frozen solid!</small></div><div class="spacer"></div><div><span class="battle-nickname" title="Sunflora">Sunflora</span> is frozen solid!</div><div class="spacer"></div><div><small>The opposing <span class="battle-nickname-foe" title="Golduck">Golduck</span> restored a little HP using its Leftovers!</small></div><h2>Turn 3</h2><div class="spacer"></div><div>The opposing <span class="battle-nickname-foe" title="Golduck">Golduck</span> used <strong>Ice Beam</strong>!</div><div><small>It's super effective! </small><small><span class="battle-nickname" title="Sunflora">Sunflora</span> lost 46% of its health!</small><br></div><div><small><span class="battle-nickname" title="Sunflora">Sunflora</span> thawed out!</small></div><div class="spacer"></div><div><span class="battle-nickname" title="Sunflora">Sunflora</span> used <strong>Giga Drain</strong>!</div><div><small>It's super effective! The opposing <span class="battle-nickname-foe" title="Golduck">Golduck</span>'s substitute faded!</small></div><div><small>The opposing <span class="battle-nickname-foe" title="Golduck">Golduck</span> had its energy drained!</small></div><div><small><span class="battle-nickname" title="Sunflora">Sunflora</span> lost some of its HP!</small></div><div class="spacer"></div><div><small>The opposing <span class="battle-nickname-foe" title="Golduck">Golduck</span> restored a little HP using its Leftovers!</small></div><h2>Turn 4</h2><div class="chat chatmessage-ferger"><strong style="color:hsl(159,55%,34%);"><small>☆</small><span class="username" data-name="Ferger">Ferger</span>:</strong> <em>lol</em></div><div class="spacer"></div><div>The opposing <span class="battle-nickname-foe" title="Golduck">Golduck</span> used <strong>Ice Beam</strong>!</div><div><small>It's super effective! </small><small><span class="battle-nickname" title="Sunflora">Sunflora</span> lost 9% of its health!</small><br></div><div class="spacer"></div><div><span class="battle-nickname" title="Sunflora">Sunflora</span> fainted!</div><div class="spacer"></div><div><small>The opposing <span class="battle-nickname-foe" title="Golduck">Golduck</span> restored a little HP using its Leftovers!</small></div><div class="spacer"></div><div>Go! Lickilicky!</div><div><small>[<span class="battle-nickname" title="Lickilicky">Lickilicky</span>'s Cloud Nine!]</small></div><div><small>The effects of the weather disappeared.</small></div><h2>Turn 5</h2><div class="spacer"></div><div>The opposing <span class="battle-nickname-foe" title="Golduck">Golduck</span> used <strong>Substitute</strong>!</div><div><small>The opposing <span class="battle-nickname-foe" title="Golduck">Golduck</span> put in a substitute!</small></div><div><small>The opposing <span class="battle-nickname-foe" title="Golduck">Golduck</span> lost 25% of its health!</small><br></div><div class="spacer"></div><div><span class="battle-nickname" title="Lickilicky">Lickilicky</span> used <strong>Knock Off</strong>!</div><div><small>The substitute took damage for the opposing <span class="battle-nickname-foe" title="Golduck">Golduck</span>!</small></div><div class="spacer"></div><div><small>The sunlight faded.</small></div><div><small>The opposing <span class="battle-nickname-foe" title="Golduck">Golduck</span> restored a little HP using its Leftovers!</small></div><h2>Turn 6</h2><div class="spacer"></div><div>The opposing <span class="battle-nickname-foe" title="Golduck">Golduck</span> used <strong>Scald</strong>!</div><div><small><span class="battle-nickname" title="Lickilicky">Lickilicky</span> lost 24% of its health!</small><br></div><div class="spacer"></div><div><span class="battle-nickname" title="Lickilicky">Lickilicky</span> used <strong>Body Slam</strong>!</div><div><small>The opposing <span class="battle-nickname-foe" title="Golduck">Golduck</span>'s substitute faded!</small></div><div class="spacer"></div><div><small>The opposing <span class="battle-nickname-foe" title="Golduck">Golduck</span> restored a little HP using its Leftovers!</small></div><div><small><span class="battle-nickname" title="Lickilicky">Lickilicky</span> restored a little HP using its Leftovers!</small></div><h2>Turn 7</h2><div class="chat chatmessage-trgriff"><strong style="color:hsl(145,61%,41%);"><small>☆</small><span class="username" data-name="trgriff">trgriff</span>:</strong> <em>ugh</em></div><div class="spacer"></div><div>The opposing <span class="battle-nickname-foe" title="Golduck">Golduck</span> used <strong>Substitute</strong>!</div><div><small>The opposing <span class="battle-nickname-foe" title="Golduck">Golduck</span> put in a substitute!</small></div><div><small>The opposing <span class="battle-nickname-foe" title="Golduck">Golduck</span> lost 25% of its health!</small><br></div><div class="spacer"></div><div><span class="battle-nickname" title="Lickilicky">Lickilicky</span> used <strong>Body Slam</strong>!</div><div><small>The opposing <span class="battle-nickname-foe" title="Golduck">Golduck</span>'s substitute faded!</small></div><div class="spacer"></div><div><small>The opposing <span class="battle-nickname-foe" title="Golduck">Golduck</span> restored a little HP using its Leftovers!</small></div><div><small><span class="battle-nickname" title="Lickilicky">Lickilicky</span> restored a little HP using its Leftovers!</small></div><h2>Turn 8</h2><div class="spacer"></div><div>The opposing <span class="battle-nickname-foe" title="Golduck">Golduck</span> used <strong>Scald</strong>!</div><div><small><span class="battle-nickname" title="Lickilicky">Lickilicky</span> lost 26% of its health!</small><br></div><div class="spacer"></div><div><span class="battle-nickname" title="Lickilicky">Lickilicky</span> used <strong>Body Slam</strong>!</div><div><small>The opposing <span class="battle-nickname-foe" title="Golduck">Golduck</span> lost 31% of its health!</small><br></div><div><small>The opposing <span class="battle-nickname-foe" title="Golduck">Golduck</span> is paralyzed! It may be unable to move!</small></div><div class="spacer"></div><div><small><span class="battle-nickname" title="Lickilicky">Lickilicky</span> restored a little HP using its Leftovers!</small></div><div><small>The opposing <span class="battle-nickname-foe" title="Golduck">Golduck</span> restored a little HP using its Leftovers!</small></div><h2>Turn 9</h2><div class="spacer"></div><div><span class="battle-nickname" title="Lickilicky">Lickilicky</span> used <strong>Body Slam</strong>!</div><div><small>The opposing <span class="battle-nickname-foe" title="Golduck">Golduck</span> lost 33% of its health!</small><br></div><div class="spacer"></div><div>The opposing <span class="battle-nickname-foe" title="Golduck">Golduck</span> is paralyzed! It can't move!</div><div class="spacer"></div><div><small><span class="battle-nickname" title="Lickilicky">Lickilicky</span> restored a little HP using its Leftovers!</small></div><div><small>The opposing <span class="battle-nickname-foe" title="Golduck">Golduck</span> restored a little HP using its Leftovers!</small></div><h2>Turn 10</h2><div class="spacer"></div><div>Ferger withdrew Golduck!</div><div class="spacer"></div><div>Ferger sent out Carracosta!</div><div class="spacer"></div><div><span class="battle-nickname" title="Lickilicky">Lickilicky</span> used <strong>Knock Off</strong>!</div><div><small>The opposing <span class="battle-nickname-foe" title="Carracosta">Carracosta</span> lost 18% of its health!</small><br></div><div><small><span class="battle-nickname" title="Lickilicky">Lickilicky</span> knocked off the opposing <span class="battle-nickname-foe" title="Carracosta">Carracosta</span>'s Weakness Policy!</small></div><div class="spacer"></div><div><small><span class="battle-nickname" title="Lickilicky">Lickilicky</span> restored a little HP using its Leftovers!</small></div><h2>Turn 11</h2><div class="spacer"></div><div><span class="battle-nickname" title="Lickilicky">Lickilicky</span> used <strong>Knock Off</strong>!</div><div><small>The opposing <span class="battle-nickname-foe" title="Carracosta">Carracosta</span> lost 12% of its health!</small><br></div><div class="spacer"></div><div>The opposing <span class="battle-nickname-foe" title="Carracosta">Carracosta</span> used <strong>Shell Smash</strong>!</div><div><small>The opposing <span class="battle-nickname-foe" title="Carracosta">Carracosta</span>'s Defense fell! The opposing <span class="battle-nickname-foe" title="Carracosta">Carracosta</span>'s Special Defense fell! </small></div><div><small>The opposing <span class="battle-nickname-foe" title="Carracosta">Carracosta</span>'s Attack rose sharply! The opposing <span class="battle-nickname-foe" title="Carracosta">Carracosta</span>'s Special Attack rose sharply! The opposing <span class="battle-nickname-foe" title="Carracosta">Carracosta</span>'s Speed rose sharply! </small></div><div class="spacer"></div><div><small><span class="battle-nickname" title="Lickilicky">Lickilicky</span> restored a little HP using its Leftovers!</small></div><h2>Turn 12</h2><div class="spacer"></div><div>The opposing <span class="battle-nickname-foe" title="Carracosta">Carracosta</span> used <strong>Stone Edge</strong>!</div><div><small><span class="battle-nickname" title="Lickilicky">Lickilicky</span> lost 64% of its health!</small><br></div><div class="spacer"></div><div><span class="battle-nickname" title="Lickilicky">Lickilicky</span> used <strong>Body Slam</strong>!</div><div><small>It's not very effective... </small><small>The opposing <span class="battle-nickname-foe" title="Carracosta">Carracosta</span> lost 16% of its health!</small><br></div><div><small>The opposing <span class="battle-nickname-foe" title="Carracosta">Carracosta</span> is paralyzed! It may be unable to move!</small></div><div class="spacer"></div><div><small><span class="battle-nickname" title="Lickilicky">Lickilicky</span> restored a little HP using its Leftovers!</small></div><h2>Turn 13</h2><div class="spacer"></div><div>The opposing <span class="battle-nickname-foe" title="Carracosta">Carracosta</span> used <strong>Aqua Jet</strong>!</div><div><small><span class="battle-nickname" title="Lickilicky">Lickilicky</span> lost 27% of its health!</small><br></div><div class="spacer"></div><div><span class="battle-nickname" title="Lickilicky">Lickilicky</span> used <strong>Explosion</strong>!</div><div><small>It's not very effective... </small><small>The opposing <span class="battle-nickname-foe" title="Carracosta">Carracosta</span> lost 45% of its health!</small><br></div><div class="spacer"></div><div><span class="battle-nickname" title="Lickilicky">Lickilicky</span> fainted!</div><div class="spacer"></div><div>Go! Qwilfish!</div><div><small>[<span class="battle-nickname" title="Qwilfish">Qwilfish</span>'s Intimidate!]</small></div><div><small>The opposing <span class="battle-nickname-foe" title="Carracosta">Carracosta</span>'s Attack fell! </small></div><h2>Turn 14</h2><div class="spacer"></div><div>The opposing <span class="battle-nickname-foe" title="Carracosta">Carracosta</span> used <strong>Aqua Jet</strong>!</div><div><small>It's not very effective... </small><small><span class="battle-nickname" title="Qwilfish">Qwilfish</span> lost 13% of its health!</small><br></div><div class="spacer"></div><div><span class="battle-nickname" title="Qwilfish">Qwilfish</span> used <strong>Waterfall</strong>!</div><div><small>The opposing <span class="battle-nickname-foe" title="Carracosta">Carracosta</span> lost 9% of its health!</small><br></div><div class="spacer"></div><div>The opposing <span class="battle-nickname-foe" title="Carracosta">Carracosta</span> fainted!</div><div class="spacer"></div><div><small><span class="battle-nickname" title="Qwilfish">Qwilfish</span> restored a little HP using its Black Sludge!</small></div><div class="spacer"></div><div>Ferger sent out <span class="battle-nickname-foe" title="Genesect-Chill">Genesect <small>(Genesect-Chill)</small></span>!</div><div><small>[Opposing <span class="battle-nickname-foe" title="Genesect-Chill">Genesect</span>'s Download!]</small></div><div><small>The opposing <span class="battle-nickname-foe" title="Genesect-Chill">Genesect</span>'s Special Attack rose! </small></div><h2>Turn 15</h2><div class="spacer"></div><div>The opposing <span class="battle-nickname-foe" title="Genesect-Chill">Genesect</span> used <strong>Iron Head</strong>!</div><div><small>It's not very effective... </small><small><span class="battle-nickname" title="Qwilfish">Qwilfish</span> lost 17% of its health!</small><br></div><div class="spacer"></div><div><span class="battle-nickname" title="Qwilfish">Qwilfish</span> used <strong>Toxic Spikes</strong>!</div><div><small>Poison spikes were scattered on the ground all around the opposing team!</small></div><div class="spacer"></div><div><small><span class="battle-nickname" title="Qwilfish">Qwilfish</span> restored a little HP using its Black Sludge!</small></div><h2>Turn 16</h2><div class="spacer"></div><div>The opposing <span class="battle-nickname-foe" title="Genesect-Chill">Genesect</span> used <strong>Iron Head</strong>!</div><div><small>It's not very effective... </small><small><span class="battle-nickname" title="Qwilfish">Qwilfish</span> lost 16% of its health!</small><br></div><div class="spacer"></div><div><span class="battle-nickname" title="Qwilfish">Qwilfish</span> used <strong>Toxic Spikes</strong>!</div><div><small>Poison spikes were scattered on the ground all around the opposing team!</small></div><div class="spacer"></div><div><small><span class="battle-nickname" title="Qwilfish">Qwilfish</span> restored a little HP using its Black Sludge!</small></div><h2>Turn 17</h2><div class="spacer"></div><div>The opposing <span class="battle-nickname-foe" title="Genesect-Chill">Genesect</span> used <strong>Iron Head</strong>!</div><div><small>It's not very effective... </small><small><span class="battle-nickname" title="Qwilfish">Qwilfish</span> lost 18% of its health!</small><br></div><div class="spacer"></div><div><span class="battle-nickname" title="Qwilfish">Qwilfish</span> used <strong>Spikes</strong>!</div><div><small>Spikes were scattered on the ground all around the opposing team!</small></div><div class="spacer"></div><div><small><span class="battle-nickname" title="Qwilfish">Qwilfish</span> restored a little HP using its Black Sludge!</small></div><h2>Turn 18</h2><div class="spacer"></div><div>The opposing <span class="battle-nickname-foe" title="Genesect-Chill">Genesect</span> used <strong>Iron Head</strong>!</div><div><small>It's not very effective... </small><small><span class="battle-nickname" title="Qwilfish">Qwilfish</span> lost 19% of its health!</small><br></div><div class="spacer"></div><div><span class="battle-nickname" title="Qwilfish">Qwilfish</span> used <strong>Spikes</strong>!</div><div><small>Spikes were scattered on the ground all around the opposing team!</small></div><div class="spacer"></div><div><small><span class="battle-nickname" title="Qwilfish">Qwilfish</span> restored a little HP using its Black Sludge!</small></div><h2>Turn 19</h2><div class="spacer"></div><div>The opposing <span class="battle-nickname-foe" title="Genesect-Chill">Genesect</span> used <strong>Iron Head</strong>!</div><div><small>It's not very effective... </small><small><span class="battle-nickname" title="Qwilfish">Qwilfish</span> lost 18% of its health!</small><br></div><div class="spacer"></div><div><span class="battle-nickname" title="Qwilfish">Qwilfish</span> used <strong>Spikes</strong>!</div><div><small>Spikes were scattered on the ground all around the opposing team!</small></div><div class="spacer"></div><div><small><span class="battle-nickname" title="Qwilfish">Qwilfish</span> restored a little HP using its Black Sludge!</small></div><h2>Turn 20</h2><div class="spacer"></div><div>The opposing <span class="battle-nickname-foe" title="Genesect-Chill">Genesect</span> used <strong>Iron Head</strong>!</div><div><small>It's not very effective... </small><small><span class="battle-nickname" title="Qwilfish">Qwilfish</span> lost 19% of its health!</small><br></div><div class="spacer"></div><div><span class="battle-nickname" title="Qwilfish">Qwilfish</span> used <strong>Waterfall</strong>!</div><div><small>The opposing <span class="battle-nickname-foe" title="Genesect-Chill">Genesect</span> lost 35% of its health!</small><br></div><div class="spacer"></div><div><small><span class="battle-nickname" title="Qwilfish">Qwilfish</span> restored a little HP using its Black Sludge!</small></div><h2>Turn 21</h2><div class="spacer"></div><div>The opposing <span class="battle-nickname-foe" title="Genesect-Chill">Genesect</span> used <strong>Iron Head</strong>!</div><div><small>It's not very effective... </small><small><span class="battle-nickname" title="Qwilfish">Qwilfish</span> lost 18% of its health!</small><br></div><div class="spacer"></div><div><span class="battle-nickname" title="Qwilfish">Qwilfish</span> used <strong>Destiny Bond</strong>!</div><div><small><span class="battle-nickname" title="Qwilfish">Qwilfish</span> is hoping to take its attacker down with it!</small></div><div class="spacer"></div><div><small><span class="battle-nickname" title="Qwilfish">Qwilfish</span> restored a little HP using its Black Sludge!</small></div><h2>Turn 22</h2><div class="chat chatmessage-ferger"><strong style="color:hsl(159,55%,34%);"><small>☆</small><span class="username" data-name="Ferger">Ferger</span>:</strong> <em>no flinsh lol</em></div><div class="spacer"></div><div>Ferger withdrew <span class="battle-nickname-foe" title="Genesect-Chill">Genesect <small>(Genesect-Chill)</small></span>!</div><div class="spacer"></div><div>Ferger sent out Golduck!</div><div><small>The opposing <span class="battle-nickname-foe" title="Golduck">Golduck</span> is hurt by the spikes!</small></div><div class="spacer"></div><div>The opposing <span class="battle-nickname-foe" title="Golduck">Golduck</span> fainted!</div><div class="spacer"></div><div><span class="battle-nickname" title="Qwilfish">Qwilfish</span> used <strong>Waterfall</strong>!</div><div><small>But it failed!</small></div><div class="spacer"></div><div><small><span class="battle-nickname" title="Qwilfish">Qwilfish</span> restored a little HP using its Black Sludge!</small></div><div class="spacer"></div><div>Ferger sent out <span class="battle-nickname-foe" title="Genesect-Chill">Genesect <small>(Genesect-Chill)</small></span>!</div><div><small>The opposing <span class="battle-nickname-foe" title="Genesect-Chill">Genesect</span> is hurt by the spikes!</small></div><div><small>[Opposing <span class="battle-nickname-foe" title="Genesect-Chill">Genesect</span>'s Download!]</small></div><div><small>The opposing <span class="battle-nickname-foe" title="Genesect-Chill">Genesect</span>'s Special Attack rose! </small></div><h2>Turn 23</h2><div class="chat chatmessage-trgriff"><strong style="color:hsl(145,61%,41%);"><small>☆</small><span class="username" data-name="trgriff">trgriff</span>:</strong> <em>nah B</em></div><div class="spacer"></div><div>The opposing <span class="battle-nickname-foe" title="Genesect-Chill">Genesect</span> used <strong>Iron Head</strong>!</div><div><small>It's not very effective... A critical hit! </small><small><span class="battle-nickname" title="Qwilfish">Qwilfish</span> lost 16% of its health!</small><br></div><div class="spacer"></div><div><span class="battle-nickname" title="Qwilfish">Qwilfish</span> fainted!</div><div class="spacer"></div><div>Go! Shuckle!</div><h2>Turn 24</h2><div class="spacer"></div><div>The opposing <span class="battle-nickname-foe" title="Genesect-Chill">Genesect</span> used <strong>Techno Blast</strong>!</div><div><small><span class="battle-nickname" title="Shuckle">Shuckle</span> lost 35% of its health!</small><br></div><div class="spacer"></div><div><span class="battle-nickname" title="Shuckle">Shuckle</span> used <strong>Infestation</strong>!</div><div><small>It's not very effective... </small><small>The opposing <span class="battle-nickname-foe" title="Genesect-Chill">Genesect</span> lost 1% of its health!</small><br></div><div><small>The opposing <span class="battle-nickname-foe" title="Genesect-Chill">Genesect</span> has been afflicted with an infestation by <span class="battle-nickname" title="Shuckle">Shuckle</span>!</small></div><div class="spacer"></div><div><small><span class="battle-nickname" title="Shuckle">Shuckle</span> restored a little HP using its Leftovers!</small></div><div><small>The opposing <span class="battle-nickname-foe" title="Genesect-Chill">Genesect</span> is hurt by Infestation!</small></div><h2>Turn 25</h2><div class="spacer"></div><div>The opposing <span class="battle-nickname-foe" title="Genesect-Chill">Genesect</span> used <strong>Iron Head</strong>!</div><div><small>It's super effective! </small><small><span class="battle-nickname" title="Shuckle">Shuckle</span> lost 46% of its health!</small><br></div><div class="spacer"></div><div><span class="battle-nickname" title="Shuckle">Shuckle</span> used <strong>Knock Off</strong>!</div><div><small>The opposing <span class="battle-nickname-foe" title="Genesect-Chill">Genesect</span> lost 6% of its health!</small><br></div><div class="spacer"></div><div><small><span class="battle-nickname" title="Shuckle">Shuckle</span> restored a little HP using its Leftovers!</small></div><div><small>The opposing <span class="battle-nickname-foe" title="Genesect-Chill">Genesect</span> is hurt by Infestation!</small></div><h2>Turn 26</h2><div class="spacer"></div><div>The opposing <span class="battle-nickname-foe" title="Genesect-Chill">Genesect</span> used <strong>Iron Head</strong>!</div><div><small>It's super effective! </small><small><span class="battle-nickname" title="Shuckle">Shuckle</span> lost 32% of its health!</small><br></div><div class="spacer"></div><div><span class="battle-nickname" title="Shuckle">Shuckle</span> fainted!</div><div class="spacer"></div><div>Go! Mamoswine!</div><h2>Turn 27</h2><div class="chat chatmessage-ferger"><strong style="color:hsl(159,55%,34%);"><small>☆</small><span class="username" data-name="Ferger">Ferger</span>:</strong> <em>ice shard ?</em></div><div class="spacer"></div><div><span class="battle-nickname" title="Mamoswine">Mamoswine</span> used <strong>Ice Shard</strong>!</div><div><small>It's not very effective... </small><small>The opposing <span class="battle-nickname-foe" title="Genesect-Chill">Genesect</span> lost 7% of its health!</small><br></div><div class="spacer"></div><div>The opposing <span class="battle-nickname-foe" title="Genesect-Chill">Genesect</span> fainted!</div><div class="spacer"></div><div>Ferger sent out Snorlax!</div><div><small>The opposing <span class="battle-nickname-foe" title="Snorlax">Snorlax</span> was badly poisoned!</small></div><div><small>The opposing <span class="battle-nickname-foe" title="Snorlax">Snorlax</span> is hurt by the spikes!</small></div><h2>Turn 28</h2><div class="spacer"></div><div><span class="battle-nickname" title="Mamoswine">Mamoswine</span> used <strong>Ice Shard</strong>!</div><div><small>The opposing <span class="battle-nickname-foe" title="Snorlax">Snorlax</span> lost 11% of its health!</small><br></div><div class="spacer"></div><div>The opposing <span class="battle-nickname-foe" title="Snorlax">Snorlax</span> used <strong>Earthquake</strong>!</div><div><small><span class="battle-nickname" title="Mamoswine">Mamoswine</span> lost 26% of its health!</small><br></div><div class="spacer"></div><div><small>The opposing <span class="battle-nickname-foe" title="Snorlax">Snorlax</span> restored a little HP using its Leftovers!</small></div><div><small>The opposing <span class="battle-nickname-foe" title="Snorlax">Snorlax</span> was hurt by poison!</small></div><h2>Turn 29</h2><div class="chat chatmessage-ferger"><strong style="color:hsl(159,55%,34%);"><small>☆</small><span class="username" data-name="Ferger">Ferger</span>:</strong> <em>think u win with spikes</em></div><div class="spacer"></div><div><span class="battle-nickname" title="Mamoswine">Mamoswine</span> used <strong>Ice Shard</strong>!</div><div><small>The opposing <span class="battle-nickname-foe" title="Snorlax">Snorlax</span> lost 11% of its health!</small><br></div><div class="spacer"></div><div>The opposing <span class="battle-nickname-foe" title="Snorlax">Snorlax</span> used <strong>Return</strong>!</div><div><small><span class="battle-nickname" title="Mamoswine">Mamoswine</span> lost 40% of its health!</small><br></div><div class="spacer"></div><div><small>The opposing <span class="battle-nickname-foe" title="Snorlax">Snorlax</span> restored a little HP using its Leftovers!</small></div><div><small>The opposing <span class="battle-nickname-foe" title="Snorlax">Snorlax</span> was hurt by poison!</small></div><h2>Turn 30</h2><div class="spacer"></div><div><span class="battle-nickname" title="Mamoswine">Mamoswine</span> used <strong>Ice Shard</strong>!</div><div><small>The opposing <span class="battle-nickname-foe" title="Snorlax">Snorlax</span> lost 11% of its health!</small><br></div><div class="spacer"></div><div>The opposing <span class="battle-nickname-foe" title="Snorlax">Snorlax</span> used <strong>Return</strong>!</div><div><small><span class="battle-nickname" title="Mamoswine">Mamoswine</span> lost 34% of its health!</small><br></div><div class="spacer"></div><div><span class="battle-nickname" title="Mamoswine">Mamoswine</span> fainted!</div><div class="spacer"></div><div><small>The opposing <span class="battle-nickname-foe" title="Snorlax">Snorlax</span> restored a little HP using its Leftovers!</small></div><div><small>The opposing <span class="battle-nickname-foe" title="Snorlax">Snorlax</span> was hurt by poison!</small></div><div class="spacer"></div><div>Go! Rayquaza!</div><div><small>[<span class="battle-nickname" title="Rayquaza">Rayquaza</span>'s Air Lock!]</small></div><div><small>The effects of the weather disappeared.</small></div><h2>Turn 31</h2><div class="spacer"></div><div><span class="battle-nickname" title="Rayquaza">Rayquaza</span> used <strong>Dragon Dance</strong>!</div><div><small><span class="battle-nickname" title="Rayquaza">Rayquaza</span>'s Attack rose! <span class="battle-nickname" title="Rayquaza">Rayquaza</span>'s Speed rose! </small></div><div class="spacer"></div><div>The opposing <span class="battle-nickname-foe" title="Snorlax">Snorlax</span> used <strong>Return</strong>!</div><div><small><span class="battle-nickname" title="Rayquaza">Rayquaza</span> lost 47% of its health!</small><br></div><div class="spacer"></div><div><small>The opposing <span class="battle-nickname-foe" title="Snorlax">Snorlax</span> restored a little HP using its Leftovers!</small></div><div><small>The opposing <span class="battle-nickname-foe" title="Snorlax">Snorlax</span> was hurt by poison!</small></div><h2>Turn 32</h2><div class="spacer"></div><div><span class="battle-nickname" title="Rayquaza">Rayquaza</span> used <strong>Extreme Speed</strong>!</div><div><small>The opposing <span class="battle-nickname-foe" title="Snorlax">Snorlax</span> lost 7% of its health!</small><br></div><div class="spacer"></div><div>The opposing <span class="battle-nickname-foe" title="Snorlax">Snorlax</span> fainted!</div><div class="spacer"></div><div>Ferger sent out Crustle!</div><div><small>The opposing <span class="battle-nickname-foe" title="Crustle">Crustle</span> is hurt by the spikes!</small></div><div><small>The opposing <span class="battle-nickname-foe" title="Crustle">Crustle</span> was badly poisoned!</small></div><h2>Turn 33</h2><div class="spacer"></div><div><span class="battle-nickname" title="Rayquaza">Rayquaza</span> used <strong>Earthquake</strong>!</div><div><small>The opposing <span class="battle-nickname-foe" title="Crustle">Crustle</span> lost 38% of its health!</small><br></div><div class="spacer"></div><div>The opposing <span class="battle-nickname-foe" title="Crustle">Crustle</span> used <strong>Rock Blast</strong>!</div><div><small><span class="battle-nickname" title="Rayquaza">Rayquaza</span> avoided the attack!</small></div><div class="spacer"></div><div><small>The opposing <span class="battle-nickname-foe" title="Crustle">Crustle</span> restored a little HP using its Leftovers!</small></div><div><small>The opposing <span class="battle-nickname-foe" title="Crustle">Crustle</span> was hurt by poison!</small></div><h2>Turn 34</h2><div class="chat chatmessage-ferger"><strong style="color:hsl(159,55%,34%);"><small>☆</small><span class="username" data-name="Ferger">Ferger</span>:</strong> <em>if i miss my move</em></div><div class="chat chatmessage-trgriff"><strong style="color:hsl(145,61%,41%);"><small>☆</small><span class="username" data-name="trgriff">trgriff</span>:</strong> <em>heh</em></div><div class="spacer"></div><div><span class="battle-nickname" title="Rayquaza">Rayquaza</span> used <strong>Earthquake</strong>!</div><div><small>The opposing <span class="battle-nickname-foe" title="Crustle">Crustle</span> lost 36% of its health!</small><br></div><div class="spacer"></div><div>The opposing <span class="battle-nickname-foe" title="Crustle">Crustle</span> used <strong>Rock Blast</strong>!</div><div><small>It's super effective! </small><small><span class="battle-nickname" title="Rayquaza">Rayquaza</span> lost 22% of its health!</small><br></div><div><small>It's super effective! </small><small><span class="battle-nickname" title="Rayquaza">Rayquaza</span> lost 22% of its health!</small><br></div><div><small>It's super effective! </small><small><span class="battle-nickname" title="Rayquaza">Rayquaza</span> lost 9% of its health!</small><br></div><div><small>Hit 3 times!</small></div><div class="spacer"></div><div><span class="battle-nickname" title="Rayquaza">Rayquaza</span> fainted!</div><div class="spacer"></div><div>Ferger won the battle!</div><div class="chat chatmessage-ferger"><strong style="color:hsl(159,55%,34%);"><small>☆</small><span class="username" data-name="Ferger">Ferger</span>:</strong> <em>ilol</em></div><div class="chat">trgriff's rating: 1291 → <strong>1265</strong><br>(-26 for losing)</div><div class="chat">Ferger's rating: 1272 → <strong>1298</strong><br>(+26 for winning)</div><div class="chat chatmessage-ferger"><strong style="color:hsl(159,55%,34%);"><small>☆</small><span class="username" data-name="Ferger">Ferger</span>:</strong> <em>gg</em></div><div class="chat"><small>trgriff left.</small></div></div></div>
</div>
<script>
var daily = Math.floor(Date.now()/1000/60/60/24);document.write('<script src="https://play.pokemonshowdown.com/js/replay-embed.js?version'+daily+'"></'+'script>');
</script>
