<!DOCTYPE html>
<meta charset="utf-8" />
<!-- version 1 -->
<title>[Gen 7] Random Battle replay: magsy☭ vs. camilas</title>
<style>
html,body {font-family:Verdana, sans-serif;font-size:10pt;margin:0;padding:0;}body{padding:12px 0;} .battle-log {font-family:Verdana, sans-serif;font-size:10pt;} .battle-log-inline {border:1px solid #AAAAAA;background:#EEF2F5;color:black;max-width:640px;margin:0 auto 80px;padding-bottom:5px;} .battle-log .inner {padding:4px 8px 0px 8px;} .battle-log .inner-preempt {padding:0 8px 4px 8px;} .battle-log .inner-after {margin-top:0.5em;} .battle-log h2 {margin:0.5em -8px;padding:4px 8px;border:1px solid #AAAAAA;background:#E0E7EA;border-left:0;border-right:0;font-family:Verdana, sans-serif;font-size:13pt;} .battle-log .chat {vertical-align:middle;padding:3px 0 3px 0;font-size:8pt;} .battle-log .chat strong {color:#40576A;} .battle-log .chat em {padding:1px 4px 1px 3px;color:#000000;font-style:normal;} .chat.mine {background:rgba(0,0,0,0.05);margin-left:-8px;margin-right:-8px;padding-left:8px;padding-right:8px;} .spoiler {color:#BBBBBB;background:#BBBBBB;padding:0px 3px;} .spoiler:hover, .spoiler:active, .spoiler-shown {color:#000000;background:#E2E2E2;padding:0px 3px;} .spoiler a {color:#BBBBBB;} .spoiler:hover a, .spoiler:active a, .spoiler-shown a {color:#2288CC;} .chat code, .chat .spoiler:hover code, .chat .spoiler:active code, .chat .spoiler-shown code {border:1px solid #C0C0C0;background:#EEEEEE;color:black;padding:0 2px;} .chat .spoiler code {border:1px solid #CCCCCC;background:#CCCCCC;color:#CCCCCC;} .battle-log .rated {padding:3px 4px;} .battle-log .rated strong {color:white;background:#89A;padding:1px 4px;border-radius:4px;} .spacer {margin-top:0.5em;} .message-announce {background:#6688AA;color:white;padding:1px 4px 2px;} .message-announce a, .broadcast-green a, .broadcast-blue a, .broadcast-red a {color:#DDEEFF;} .broadcast-green {background-color:#559955;color:white;padding:2px 4px;} .broadcast-blue {background-color:#6688AA;color:white;padding:2px 4px;} .infobox {border:1px solid #6688AA;padding:2px 4px;} .infobox-limited {max-height:200px;overflow:auto;overflow-x:hidden;} .broadcast-red {background-color:#AA5544;color:white;padding:2px 4px;} .message-learn-canlearn {font-weight:bold;color:#228822;text-decoration:underline;} .message-learn-cannotlearn {font-weight:bold;color:#CC2222;text-decoration:underline;} .message-effect-weak {font-weight:bold;color:#CC2222;} .message-effect-resist {font-weight:bold;color:#6688AA;} .message-effect-immune {font-weight:bold;color:#666666;} .message-learn-list {margin-top:0;margin-bottom:0;} .message-throttle-notice, .message-error {color:#992222;} .message-overflow, .chat small.message-overflow {font-size:0pt;} .message-overflow::before {font-size:9pt;content:'...';} .subtle {color:#3A4A66;}
</style>
<div class="wrapper replay-wrapper" style="max-width:1180px;margin:0 auto">
<input type="hidden" name="replayid" value="smogtours-gen7randombattle-276605" />
<div class="battle"></div><div class="battle-log"></div><div class="replay-controls"></div><div class="replay-controls-2"></div>
<h1 style="font-weight:normal;text-align:center"><strong>[Gen 7] Random Battle</strong><br /><a href="http://pokemonshowdown.com/users/magsy" class="subtle" target="_blank">magsy☭</a> vs. <a href="http://pokemonshowdown.com/users/camilas" class="subtle" target="_blank">camilas</a></h1>
<script type="text/plain" class="battle-log-data">|J|magsy☭
|J|camilas
|player|p1|magsy☭|226
|player|p2|camilas|39
|gametype|singles
|gen|7
|tier|[Gen 7] Random Battle
|seed|53929,26507,35627,50097,2769,10190,39633,59824,5292,61448,13887,14075
|rule|Sleep Clause Mod: Limit one foe put to sleep
|rule|HP Percentage Mod: HP is shown in percentages
|
|start
|switch|p1a: Conkeldurr|Conkeldurr, L77, F|100\/100
|switch|p2a: Gligar|Gligar, L79, F|100\/100
|turn|1
|c|☆magsy☭|i hope ur goldfish has a heart attack
|choice|move knockoff|move stealthrock
|
|move|p2a: Gligar|Stealth Rock|p1a: Conkeldurr
|-sidestart|p1: magsy☭|move: Stealth Rock
|move|p1a: Conkeldurr|Knock Off|p2a: Gligar
|-damage|p2a: Gligar|74\/100
|-enditem|p2a: Gligar|Eviolite|[from] move: Knock Off|[of] p1a: Conkeldurr
|-damage|p1a: Conkeldurr|91\/100|[from] item: Life Orb
|
|upkeep
|turn|2
|c|☆camilas|yo you tryna
|c|☆camilas|cc1v1
|choice|switch 3|move earthquake
|
|switch|p1a: Chansey|Chansey, L75, F|100\/100
|-damage|p1a: Chansey|88\/100|[from] Stealth Rock
|move|p2a: Gligar|Earthquake|p1a: Chansey
|-damage|p1a: Chansey|46\/100
|
|upkeep
|turn|3
|c|☆magsy☭|nah fam
|c|☆camilas|.
|c|☆camilas|why did dat do
|c|☆camilas|dat much
|c|☆camilas|lolol
|c|☆magsy☭|idk
|choice|move counter|switch 2
|
|switch|p2a: Deoxys|Deoxys-Speed, L73|100\/100
|-ability|p2a: Deoxys|Pressure
|move|p1a: Chansey|Counter|p2a: Deoxys
|-fail|p2a: Deoxys
|
|upkeep
|turn|4
|choice|move thunderwave|move taunt
|
|move|p2a: Deoxys|Taunt|p1a: Chansey
|-start|p1a: Chansey|move: Taunt
|cant|p1a: Chansey|move: Taunt|Thunder Wave
|
|upkeep
|turn|5
|choice|switch 4|move knockoff
|
|switch|p1a: Pheromosa|Pheromosa, L73|100\/100
|-damage|p1a: Pheromosa|88\/100|[from] Stealth Rock
|move|p2a: Deoxys|Knock Off|p1a: Pheromosa
|-resisted|p1a: Pheromosa
|-damage|p1a: Pheromosa|63\/100
|-enditem|p1a: Pheromosa|Expert Belt|[from] move: Knock Off|[of] p2a: Deoxys
|
|upkeep
|turn|6
|choice|move poisonjab|move psychoboost
|
|move|p2a: Deoxys|Psycho Boost|p1a: Pheromosa
|-supereffective|p1a: Pheromosa
|-damage|p1a: Pheromosa|0 fnt
|-unboost|p2a: Deoxys|spa|2
|faint|p1a: Pheromosa
|
|upkeep
|c|☆magsy☭|im done
|-message|magsy☭ forfeited.
|
|win|camilas</script>
</div>
<div class="battle-log battle-log-inline"><div class="inner"><div style="padding:5px 0"><small>Format:</small> <br><strong>[Gen 7] Random Battle</strong></div><div><small><em>Sleep Clause Mod:</em> Limit one foe put to sleep</small></div><div><small><em>HP Percentage Mod:</em> HP is shown in percentages</small></div><div>Battle between magsy☭ and camilas started!</div><div class="spacer"></div><div>Go! Conkeldurr!</div><div class="spacer"></div><div>camilas sent out Gligar!</div><h2>Turn 1</h2><div class="chat chatmessage-magsy"><strong style="color:hsl(173,37%,46%);"><small>☆</small><span class="username" data-name="magsy☭">magsy☭</span>:</strong> <em>i hope ur goldfish has a heart attack</em></div><div class="spacer"></div><div>The opposing <span class="battle-nickname-foe" title="Gligar">Gligar</span> used <strong>Stealth Rock</strong>!</div><div><small>Pointed stones float in the air around your team!</small></div><div class="spacer"></div><div><span class="battle-nickname" title="Conkeldurr">Conkeldurr</span> used <strong>Knock Off</strong>!</div><div><small>The opposing <span class="battle-nickname-foe" title="Gligar">Gligar</span> lost 26% of its health!</small><br></div><div><small><span class="battle-nickname" title="Conkeldurr">Conkeldurr</span> knocked off the opposing <span class="battle-nickname-foe" title="Gligar">Gligar</span>'s Eviolite!</small></div><div><small><span class="battle-nickname" title="Conkeldurr">Conkeldurr</span> lost some of its HP!</small></div><h2>Turn 2</h2><div class="chat chatmessage-camilas"><strong style="color:hsl(177,81%,36%);"><small>☆</small><span class="username" data-name="camilas">camilas</span>:</strong> <em>yo you tryna</em></div><div class="chat chatmessage-camilas"><strong style="color:hsl(177,81%,36%);"><small>☆</small><span class="username" data-name="camilas">camilas</span>:</strong> <em>cc1v1</em></div><div class="spacer"></div><div><span class="battle-nickname" title="Conkeldurr">Conkeldurr</span>, come back!</div><div class="spacer"></div><div>Go! Chansey!</div><div><small>Pointed stones dug into <span class="battle-nickname" title="Chansey">Chansey</span>!</small></div><div class="spacer"></div><div>The opposing <span class="battle-nickname-foe" title="Gligar">Gligar</span> used <strong>Earthquake</strong>!</div><div><small><span class="battle-nickname" title="Chansey">Chansey</span> lost 42% of its health!</small><br></div><h2>Turn 3</h2><div class="chat chatmessage-magsy"><strong style="color:hsl(173,37%,46%);"><small>☆</small><span class="username" data-name="magsy☭">magsy☭</span>:</strong> <em>nah fam</em></div><div class="chat chatmessage-camilas"><strong style="color:hsl(177,81%,36%);"><small>☆</small><span class="username" data-name="camilas">camilas</span>:</strong> <em>.</em></div><div class="chat chatmessage-camilas"><strong style="color:hsl(177,81%,36%);"><small>☆</small><span class="username" data-name="camilas">camilas</span>:</strong> <em>why did dat do</em></div><div class="chat chatmessage-camilas"><strong style="color:hsl(177,81%,36%);"><small>☆</small><span class="username" data-name="camilas">camilas</span>:</strong> <em>dat much</em></div><div class="chat chatmessage-camilas"><strong style="color:hsl(177,81%,36%);"><small>☆</small><span class="username" data-name="camilas">camilas</span>:</strong> <em>lolol</em></div><div class="chat chatmessage-magsy"><strong style="color:hsl(173,37%,46%);"><small>☆</small><span class="username" data-name="magsy☭">magsy☭</span>:</strong> <em>idk</em></div><div class="spacer"></div><div>camilas withdrew Gligar!</div><div class="spacer"></div><div>camilas sent out <span class="battle-nickname-foe" title="Deoxys-Speed">Deoxys <small>(Deoxys-Speed)</small></span>!</div><div><small>[Opposing <span class="battle-nickname-foe" title="Deoxys-Speed">Deoxys</span>'s Pressure!]</small></div><div><small>The opposing <span class="battle-nickname-foe" title="Deoxys-Speed">Deoxys</span> is exerting its pressure!</small></div><div class="spacer"></div><div><span class="battle-nickname" title="Chansey">Chansey</span> used <strong>Counter</strong>!</div><div><small>But it failed!</small></div><h2>Turn 4</h2><div class="spacer"></div><div>The opposing <span class="battle-nickname-foe" title="Deoxys-Speed">Deoxys</span> used <strong>Taunt</strong>!</div><div><small><span class="battle-nickname" title="Chansey">Chansey</span> fell for the taunt!</small></div><div class="spacer"></div><div><span class="battle-nickname" title="Chansey">Chansey</span> can't use Thunder Wave after the taunt!</div><h2>Turn 5</h2><div class="spacer"></div><div><span class="battle-nickname" title="Chansey">Chansey</span>, come back!</div><div class="spacer"></div><div>Go! Pheromosa!</div><div><small>Pointed stones dug into <span class="battle-nickname" title="Pheromosa">Pheromosa</span>!</small></div><div class="spacer"></div><div>The opposing <span class="battle-nickname-foe" title="Deoxys-Speed">Deoxys</span> used <strong>Knock Off</strong>!</div><div><small>It's not very effective... </small><small><span class="battle-nickname" title="Pheromosa">Pheromosa</span> lost 25% of its health!</small><br></div><div><small>The opposing <span class="battle-nickname-foe" title="Deoxys-Speed">Deoxys</span> knocked off <span class="battle-nickname" title="Pheromosa">Pheromosa</span>'s Expert Belt!</small></div><h2>Turn 6</h2><div class="spacer"></div><div>The opposing <span class="battle-nickname-foe" title="Deoxys-Speed">Deoxys</span> used <strong>Psycho Boost</strong>!</div><div><small>It's super effective! </small><small><span class="battle-nickname" title="Pheromosa">Pheromosa</span> lost 63% of its health!</small><br></div><div><small>The opposing <span class="battle-nickname-foe" title="Deoxys-Speed">Deoxys</span>'s Special Attack fell harshly! </small></div><div class="spacer"></div><div><span class="battle-nickname" title="Pheromosa">Pheromosa</span> fainted!</div><div class="chat chatmessage-magsy"><strong style="color:hsl(173,37%,46%);"><small>☆</small><span class="username" data-name="magsy☭">magsy☭</span>:</strong> <em>im done</em></div><div class="spacer"></div><div><small>magsy☭ forfeited.</small></div><div class="spacer"></div><div>camilas won the battle!</div></div></div>
</div>
<script>
var daily = Math.floor(Date.now()/1000/60/60/24);document.write('<script src="https://play.pokemonshowdown.com/js/replay-embed.js?version'+daily+'"></'+'script>');
</script>
