<!DOCTYPE html>
<meta charset="utf-8" />
<!-- version 1 -->
<title>[Gen 7] Random Battle replay: NotBobRoss vs. marxist98</title>
<style>
html,body {font-family:Verdana, sans-serif;font-size:10pt;margin:0;padding:0;}body{padding:12px 0;} .battle-log {font-family:Verdana, sans-serif;font-size:10pt;} .battle-log-inline {border:1px solid #AAAAAA;background:#EEF2F5;color:black;max-width:640px;margin:0 auto 80px;padding-bottom:5px;} .battle-log .inner {padding:4px 8px 0px 8px;} .battle-log .inner-preempt {padding:0 8px 4px 8px;} .battle-log .inner-after {margin-top:0.5em;} .battle-log h2 {margin:0.5em -8px;padding:4px 8px;border:1px solid #AAAAAA;background:#E0E7EA;border-left:0;border-right:0;font-family:Verdana, sans-serif;font-size:13pt;} .battle-log .chat {vertical-align:middle;padding:3px 0 3px 0;font-size:8pt;} .battle-log .chat strong {color:#40576A;} .battle-log .chat em {padding:1px 4px 1px 3px;color:#000000;font-style:normal;} .chat.mine {background:rgba(0,0,0,0.05);margin-left:-8px;margin-right:-8px;padding-left:8px;padding-right:8px;} .spoiler {color:#BBBBBB;background:#BBBBBB;padding:0px 3px;} .spoiler:hover, .spoiler:active, .spoiler-shown {color:#000000;background:#E2E2E2;padding:0px 3px;} .spoiler a {color:#BBBBBB;} .spoiler:hover a, .spoiler:active a, .spoiler-shown a {color:#2288CC;} .chat code, .chat .spoiler:hover code, .chat .spoiler:active code, .chat .spoiler-shown code {border:1px solid #C0C0C0;background:#EEEEEE;color:black;padding:0 2px;} .chat .spoiler code {border:1px solid #CCCCCC;background:#CCCCCC;color:#CCCCCC;} .battle-log .rated {padding:3px 4px;} .battle-log .rated strong {color:white;background:#89A;padding:1px 4px;border-radius:4px;} .spacer {margin-top:0.5em;} .message-announce {background:#6688AA;color:white;padding:1px 4px 2px;} .message-announce a, .broadcast-green a, .broadcast-blue a, .broadcast-red a {color:#DDEEFF;} .broadcast-green {background-color:#559955;color:white;padding:2px 4px;} .broadcast-blue {background-color:#6688AA;color:white;padding:2px 4px;} .infobox {border:1px solid #6688AA;padding:2px 4px;} .infobox-limited {max-height:200px;overflow:auto;overflow-x:hidden;} .broadcast-red {background-color:#AA5544;color:white;padding:2px 4px;} .message-learn-canlearn {font-weight:bold;color:#228822;text-decoration:underline;} .message-learn-cannotlearn {font-weight:bold;color:#CC2222;text-decoration:underline;} .message-effect-weak {font-weight:bold;color:#CC2222;} .message-effect-resist {font-weight:bold;color:#6688AA;} .message-effect-immune {font-weight:bold;color:#666666;} .message-learn-list {margin-top:0;margin-bottom:0;} .message-throttle-notice, .message-error {color:#992222;} .message-overflow, .chat small.message-overflow {font-size:0pt;} .message-overflow::before {font-size:9pt;content:'...';} .subtle {color:#3A4A66;}
</style>
<div class="wrapper replay-wrapper" style="max-width:1180px;margin:0 auto">
<input type="hidden" name="replayid" value="gen7randombattle-566887877" />
<div class="battle"></div><div class="battle-log"></div><div class="replay-controls"></div><div class="replay-controls-2"></div>
<h1 style="font-weight:normal;text-align:center"><strong>[Gen 7] Random Battle</strong><br /><a href="http://pokemonshowdown.com/users/notbobross" class="subtle" target="_blank">NotBobRoss</a> vs. <a href="http://pokemonshowdown.com/users/marxist98" class="subtle" target="_blank">marxist98</a></h1>
<script type="text/plain" class="battle-log-data">|j|NotBobRoss
|j|marxist98
|player|p1|NotBobRoss|49
|player|p2|marxist98|170
|gametype|singles
|gen|7
|tier|[Gen 7] Random Battle
|rated
|seed|33169,65032,35316,1017,62768,18810,11951,5328,54896,56679,61851,49773
|rule|Sleep Clause Mod: Limit one foe put to sleep
|rule|HP Percentage Mod: HP is shown in percentages
|
|start
|switch|p1a: Whiscash|Whiscash, L79, M|100\/100
|switch|p2a: Swoobat|Swoobat, L79, M|100\/100
|turn|1
|inactive|Battle timer is ON: inactive players will automatically lose when time's up. (requested by marxist98)
|choice|move dragondance|move calmmind
|
|move|p2a: Swoobat|Calm Mind|p2a: Swoobat
|-boost|p2a: Swoobat|spa|2
|-boost|p2a: Swoobat|spd|2
|move|p1a: Whiscash|Dragon Dance|p1a: Whiscash
|-boost|p1a: Whiscash|atk|1
|-boost|p1a: Whiscash|spe|1
|
|upkeep
|turn|2
|choice|move dragondance|move calmmind
|
|move|p2a: Swoobat|Calm Mind|p2a: Swoobat
|-boost|p2a: Swoobat|spa|2
|-boost|p2a: Swoobat|spd|2
|move|p1a: Whiscash|Dragon Dance|p1a: Whiscash
|-boost|p1a: Whiscash|atk|1
|-boost|p1a: Whiscash|spe|1
|
|upkeep
|turn|3
|choice|move zenheadbutt|move storedpower
|
|move|p1a: Whiscash|Zen Headbutt|p2a: Swoobat
|-resisted|p2a: Swoobat
|-damage|p2a: Swoobat|63\/100
|-damage|p1a: Whiscash|91\/100|[from] item: Life Orb
|move|p2a: Swoobat|Stored Power|p1a: Whiscash
|-damage|p1a: Whiscash|0 fnt
|-damage|p2a: Swoobat|53\/100|[from] item: Life Orb
|faint|p1a: Whiscash
|
|upkeep
|choice|switch 4|
|
|switch|p1a: Toucannon|Toucannon, L79, F|100\/100
|turn|4
|choice|move brickbreak|move storedpower
|
|move|p2a: Swoobat|Stored Power|p1a: Toucannon
|-damage|p1a: Toucannon|0 fnt
|-damage|p2a: Swoobat|43\/100|[from] item: Life Orb
|faint|p1a: Toucannon
|
|upkeep
|choice|switch 6|
|
|switch|p1a: Silvally|Silvally-Ground, L79|100\/100
|turn|5
|choice|move flamecharge|move storedpower
|
|move|p2a: Swoobat|Stored Power|p1a: Silvally
|-damage|p1a: Silvally|0 fnt
|-damage|p2a: Swoobat|34\/100|[from] item: Life Orb
|faint|p1a: Silvally
|
|upkeep
|choice|switch 5|
|
|switch|p1a: Pachirisu|Pachirisu, L79, F|100\/100
|-item|p1a: Pachirisu|Air Balloon
|turn|6
|choice|move thunderbolt|move storedpower
|
|move|p2a: Swoobat|Stored Power|p1a: Pachirisu
|-damage|p1a: Pachirisu|0 fnt
|-enditem|p1a: Pachirisu|Air Balloon
|-damage|p2a: Swoobat|24\/100|[from] item: Life Orb
|faint|p1a: Pachirisu
|
|upkeep
|choice|switch 2|
|
|switch|p1a: Exeggutor|Exeggutor-Alola, L79, M|100\/100
|turn|7
|choice|move flamethrower|move airslash
|
|move|p2a: Swoobat|Air Slash|p1a: Exeggutor
|-supereffective|p1a: Exeggutor
|-damage|p1a: Exeggutor|0 fnt
|-damage|p2a: Swoobat|14\/100|[from] item: Life Orb
|faint|p1a: Exeggutor
|
|upkeep
|choice|switch 3|
|
|switch|p1a: Shaymin|Shaymin, L79|100\/100
|turn|8
|choice|move airslash|move airslash
|
|move|p2a: Swoobat|Air Slash|p1a: Shaymin
|-supereffective|p1a: Shaymin
|-damage|p1a: Shaymin|0 fnt
|-damage|p2a: Swoobat|4\/100|[from] item: Life Orb
|faint|p1a: Shaymin
|
|win|marxist98
|l|NotBobRoss
|raw|NotBobRoss's rating: 1017 &rarr; <strong>1004<\/strong><br \/>(-13 for losing)
|raw|marxist98's rating: 1010 &rarr; <strong>1049<\/strong><br \/>(+39 for winning)
|c|☆marxist98|jajajajajajajja gg</script>
</div>
<div class="battle-log battle-log-inline"><div class="inner"><div class="chat"><small>NotBobRoss joined.</small></div><div class="chat"><small>marxist98 joined.</small></div><div style="padding:5px 0"><small>Format:</small> <br><strong>[Gen 7] Random Battle</strong></div><div class="rated"><strong>Rated battle</strong></div><div><small><em>Sleep Clause Mod:</em> Limit one foe put to sleep</small></div><div><small><em>HP Percentage Mod:</em> HP is shown in percentages</small></div><div>Battle between NotBobRoss and marxist98 started!</div><div class="spacer"></div><div>Go! Whiscash!</div><div class="spacer"></div><div>marxist98 sent out Swoobat!</div><h2>Turn 1</h2><div class="chat message-error">Battle timer is ON: inactive players will automatically lose when time's up. (requested by marxist98)</div><div class="spacer"></div><div>The opposing <span class="battle-nickname-foe" title="Swoobat">Swoobat</span> used <strong>Calm Mind</strong>!</div><div><small>The opposing <span class="battle-nickname-foe" title="Swoobat">Swoobat</span>'s Special Attack rose sharply! The opposing <span class="battle-nickname-foe" title="Swoobat">Swoobat</span>'s Special Defense rose sharply! </small></div><div class="spacer"></div><div><span class="battle-nickname" title="Whiscash">Whiscash</span> used <strong>Dragon Dance</strong>!</div><div><small><span class="battle-nickname" title="Whiscash">Whiscash</span>'s Attack rose! <span class="battle-nickname" title="Whiscash">Whiscash</span>'s Speed rose! </small></div><h2>Turn 2</h2><div class="spacer"></div><div>The opposing <span class="battle-nickname-foe" title="Swoobat">Swoobat</span> used <strong>Calm Mind</strong>!</div><div><small>The opposing <span class="battle-nickname-foe" title="Swoobat">Swoobat</span>'s Special Attack rose sharply! The opposing <span class="battle-nickname-foe" title="Swoobat">Swoobat</span>'s Special Defense rose sharply! </small></div><div class="spacer"></div><div><span class="battle-nickname" title="Whiscash">Whiscash</span> used <strong>Dragon Dance</strong>!</div><div><small><span class="battle-nickname" title="Whiscash">Whiscash</span>'s Attack rose! <span class="battle-nickname" title="Whiscash">Whiscash</span>'s Speed rose! </small></div><h2>Turn 3</h2><div class="spacer"></div><div><span class="battle-nickname" title="Whiscash">Whiscash</span> used <strong>Zen Headbutt</strong>!</div><div><small>It's not very effective... </small><small>The opposing <span class="battle-nickname-foe" title="Swoobat">Swoobat</span> lost 37% of its health!</small><br></div><div><small><span class="battle-nickname" title="Whiscash">Whiscash</span> lost some of its HP!</small></div><div class="spacer"></div><div>The opposing <span class="battle-nickname-foe" title="Swoobat">Swoobat</span> used <strong>Stored Power</strong>!</div><div><small><span class="battle-nickname" title="Whiscash">Whiscash</span> lost 91% of its health!</small><br></div><div><small>The opposing <span class="battle-nickname-foe" title="Swoobat">Swoobat</span> lost some of its HP!</small></div><div class="spacer"></div><div><span class="battle-nickname" title="Whiscash">Whiscash</span> fainted!</div><div class="spacer"></div><div>Go! Toucannon!</div><h2>Turn 4</h2><div class="spacer"></div><div>The opposing <span class="battle-nickname-foe" title="Swoobat">Swoobat</span> used <strong>Stored Power</strong>!</div><div><small><span class="battle-nickname" title="Toucannon">Toucannon</span> lost 100% of its health!</small><br></div><div><small>The opposing <span class="battle-nickname-foe" title="Swoobat">Swoobat</span> lost some of its HP!</small></div><div class="spacer"></div><div><span class="battle-nickname" title="Toucannon">Toucannon</span> fainted!</div><div class="spacer"></div><div>Go! <span class="battle-nickname" title="Silvally-Ground">Silvally <small>(Silvally-Ground)</small></span>!</div><h2>Turn 5</h2><div class="spacer"></div><div>The opposing <span class="battle-nickname-foe" title="Swoobat">Swoobat</span> used <strong>Stored Power</strong>!</div><div><small><span class="battle-nickname" title="Silvally-Ground">Silvally</span> lost 100% of its health!</small><br></div><div><small>The opposing <span class="battle-nickname-foe" title="Swoobat">Swoobat</span> lost some of its HP!</small></div><div class="spacer"></div><div><span class="battle-nickname" title="Silvally-Ground">Silvally</span> fainted!</div><div class="spacer"></div><div>Go! Pachirisu!</div><div><small><span class="battle-nickname" title="Pachirisu">Pachirisu</span> floats in the air with its Air Balloon!</small></div><h2>Turn 6</h2><div class="spacer"></div><div>The opposing <span class="battle-nickname-foe" title="Swoobat">Swoobat</span> used <strong>Stored Power</strong>!</div><div><small><span class="battle-nickname" title="Pachirisu">Pachirisu</span> lost 100% of its health!</small><br></div><div><small><span class="battle-nickname" title="Pachirisu">Pachirisu</span>'s Air Balloon popped!</small></div><div><small>The opposing <span class="battle-nickname-foe" title="Swoobat">Swoobat</span> lost some of its HP!</small></div><div class="spacer"></div><div><span class="battle-nickname" title="Pachirisu">Pachirisu</span> fainted!</div><div class="spacer"></div><div>Go! <span class="battle-nickname" title="Exeggutor-Alola">Exeggutor <small>(Exeggutor-Alola)</small></span>!</div><h2>Turn 7</h2><div class="spacer"></div><div>The opposing <span class="battle-nickname-foe" title="Swoobat">Swoobat</span> used <strong>Air Slash</strong>!</div><div><small>It's super effective! </small><small><span class="battle-nickname" title="Exeggutor-Alola">Exeggutor</span> lost 100% of its health!</small><br></div><div><small>The opposing <span class="battle-nickname-foe" title="Swoobat">Swoobat</span> lost some of its HP!</small></div><div class="spacer"></div><div><span class="battle-nickname" title="Exeggutor-Alola">Exeggutor</span> fainted!</div><div class="spacer"></div><div>Go! Shaymin!</div><h2>Turn 8</h2><div class="spacer"></div><div>The opposing <span class="battle-nickname-foe" title="Swoobat">Swoobat</span> used <strong>Air Slash</strong>!</div><div><small>It's super effective! </small><small><span class="battle-nickname" title="Shaymin">Shaymin</span> lost 100% of its health!</small><br></div><div><small>The opposing <span class="battle-nickname-foe" title="Swoobat">Swoobat</span> lost some of its HP!</small></div><div class="spacer"></div><div><span class="battle-nickname" title="Shaymin">Shaymin</span> fainted!</div><div class="spacer"></div><div>marxist98 won the battle!</div><div class="chat"><small>NotBobRoss left.</small></div><div class="chat">NotBobRoss's rating: 1017 → <strong>1004</strong><br>(-13 for losing)</div><div class="chat">marxist98's rating: 1010 → <strong>1049</strong><br>(+39 for winning)</div><div class="chat chatmessage-marxist98"><strong style="color:hsl(168,50%,41%);"><small>☆</small><span class="username" data-name="marxist98">marxist98</span>:</strong> <em>jajajajajajajja gg</em></div></div></div>
</div>
<script>
var daily = Math.floor(Date.now()/1000/60/60/24);document.write('<script src="https://play.pokemonshowdown.com/js/replay-embed.js?version'+daily+'"></'+'script>');
</script>
