<!DOCTYPE html>
<meta charset="utf-8" />
<!-- version 1 -->
<title>[Gen 7] Random Battle replay: cat2killer vs. Quadehar</title>
<style>
html,body {font-family:Verdana, sans-serif;font-size:10pt;margin:0;padding:0;}body{padding:12px 0;} .battle-log {font-family:Verdana, sans-serif;font-size:10pt;} .battle-log-inline {border:1px solid #AAAAAA;background:#EEF2F5;color:black;max-width:640px;margin:0 auto 80px;padding-bottom:5px;} .battle-log .inner {padding:4px 8px 0px 8px;} .battle-log .inner-preempt {padding:0 8px 4px 8px;} .battle-log .inner-after {margin-top:0.5em;} .battle-log h2 {margin:0.5em -8px;padding:4px 8px;border:1px solid #AAAAAA;background:#E0E7EA;border-left:0;border-right:0;font-family:Verdana, sans-serif;font-size:13pt;} .battle-log .chat {vertical-align:middle;padding:3px 0 3px 0;font-size:8pt;} .battle-log .chat strong {color:#40576A;} .battle-log .chat em {padding:1px 4px 1px 3px;color:#000000;font-style:normal;} .chat.mine {background:rgba(0,0,0,0.05);margin-left:-8px;margin-right:-8px;padding-left:8px;padding-right:8px;} .spoiler {color:#BBBBBB;background:#BBBBBB;padding:0px 3px;} .spoiler:hover, .spoiler:active, .spoiler-shown {color:#000000;background:#E2E2E2;padding:0px 3px;} .spoiler a {color:#BBBBBB;} .spoiler:hover a, .spoiler:active a, .spoiler-shown a {color:#2288CC;} .chat code, .chat .spoiler:hover code, .chat .spoiler:active code, .chat .spoiler-shown code {border:1px solid #C0C0C0;background:#EEEEEE;color:black;padding:0 2px;} .chat .spoiler code {border:1px solid #CCCCCC;background:#CCCCCC;color:#CCCCCC;} .battle-log .rated {padding:3px 4px;} .battle-log .rated strong {color:white;background:#89A;padding:1px 4px;border-radius:4px;} .spacer {margin-top:0.5em;} .message-announce {background:#6688AA;color:white;padding:1px 4px 2px;} .message-announce a, .broadcast-green a, .broadcast-blue a, .broadcast-red a {color:#DDEEFF;} .broadcast-green {background-color:#559955;color:white;padding:2px 4px;} .broadcast-blue {background-color:#6688AA;color:white;padding:2px 4px;} .infobox {border:1px solid #6688AA;padding:2px 4px;} .infobox-limited {max-height:200px;overflow:auto;overflow-x:hidden;} .broadcast-red {background-color:#AA5544;color:white;padding:2px 4px;} .message-learn-canlearn {font-weight:bold;color:#228822;text-decoration:underline;} .message-learn-cannotlearn {font-weight:bold;color:#CC2222;text-decoration:underline;} .message-effect-weak {font-weight:bold;color:#CC2222;} .message-effect-resist {font-weight:bold;color:#6688AA;} .message-effect-immune {font-weight:bold;color:#666666;} .message-learn-list {margin-top:0;margin-bottom:0;} .message-throttle-notice, .message-error {color:#992222;} .message-overflow, .chat small.message-overflow {font-size:0pt;} .message-overflow::before {font-size:9pt;content:'...';} .subtle {color:#3A4A66;}
</style>
<div class="wrapper replay-wrapper" style="max-width:1180px;margin:0 auto">
<input type="hidden" name="replayid" value="gen7randombattle-566944887" />
<div class="battle"></div><div class="battle-log"></div><div class="replay-controls"></div><div class="replay-controls-2"></div>
<h1 style="font-weight:normal;text-align:center"><strong>[Gen 7] Random Battle</strong><br /><a href="http://pokemonshowdown.com/users/cat2killer" class="subtle" target="_blank">cat2killer</a> vs. <a href="http://pokemonshowdown.com/users/quadehar" class="subtle" target="_blank">Quadehar</a></h1>
<script type="text/plain" class="battle-log-data">|j|cat2killer
|j|Quadehar
|player|p1|cat2killer|284
|player|p2|Quadehar|293
|gametype|singles
|gen|7
|tier|[Gen 7] Random Battle
|rated
|seed|54794,12910,58539,55208,41511,44928,31734,11103,5747,29272,50884,30608
|rule|Sleep Clause Mod: Limit one foe put to sleep
|rule|HP Percentage Mod: HP is shown in percentages
|
|start
|switch|p1a: Delcatty|Delcatty, L79, M|100\/100
|switch|p2a: Magnezone|Magnezone, L75|100\/100
|-item|p2a: Magnezone|Air Balloon
|turn|1
|inactive|Battle timer is ON: inactive players will automatically lose when time's up. (requested by Quadehar)
|choice|move doubleedge|move substitute
|
|move|p1a: Delcatty|Double-Edge|p2a: Magnezone
|-resisted|p2a: Magnezone
|-damage|p2a: Magnezone|84\/100
|-enditem|p2a: Magnezone|Air Balloon
|-damage|p1a: Delcatty|95\/100|[from] recoil|[of] p2a: Magnezone
|move|p2a: Magnezone|Substitute|p2a: Magnezone
|-start|p2a: Magnezone|Substitute
|-damage|p2a: Magnezone|59\/100
|
|-heal|p1a: Delcatty|100\/100|[from] item: Leftovers
|upkeep
|turn|2
|-message|Quadehar lost due to inactivity.
|
|win|cat2killer</script>
</div>
<div class="battle-log battle-log-inline"><div class="inner"><div class="chat"><small>cat2killer joined.</small></div><div class="chat"><small>Quadehar joined.</small></div><div style="padding:5px 0"><small>Format:</small> <br><strong>[Gen 7] Random Battle</strong></div><div class="rated"><strong>Rated battle</strong></div><div><small><em>Sleep Clause Mod:</em> Limit one foe put to sleep</small></div><div><small><em>HP Percentage Mod:</em> HP is shown in percentages</small></div><div>Battle between cat2killer and Quadehar started!</div><div class="spacer"></div><div>Go! Delcatty!</div><div class="spacer"></div><div>Quadehar sent out Magnezone!</div><div><small>The opposing <span class="battle-nickname-foe" title="Magnezone">Magnezone</span> floats in the air with its Air Balloon!</small></div><h2>Turn 1</h2><div class="chat message-error">Battle timer is ON: inactive players will automatically lose when time's up. (requested by Quadehar)</div><div class="spacer"></div><div><span class="battle-nickname" title="Delcatty">Delcatty</span> used <strong>Double-Edge</strong>!</div><div><small>It's not very effective... </small><small>The opposing <span class="battle-nickname-foe" title="Magnezone">Magnezone</span> lost 16% of its health!</small><br></div><div><small>The opposing <span class="battle-nickname-foe" title="Magnezone">Magnezone</span>'s Air Balloon popped!</small></div><div><small><span class="battle-nickname" title="Delcatty">Delcatty</span> is damaged by the recoil!</small></div><div class="spacer"></div><div>The opposing <span class="battle-nickname-foe" title="Magnezone">Magnezone</span> used <strong>Substitute</strong>!</div><div><small>The opposing <span class="battle-nickname-foe" title="Magnezone">Magnezone</span> put in a substitute!</small></div><div><small>The opposing <span class="battle-nickname-foe" title="Magnezone">Magnezone</span> lost 25% of its health!</small><br></div><div class="spacer"></div><div><small><span class="battle-nickname" title="Delcatty">Delcatty</span> restored a little HP using its Leftovers!</small></div><h2>Turn 2</h2><div class="spacer"></div><div><small>Quadehar lost due to inactivity.</small></div><div class="spacer"></div><div>cat2killer won the battle!</div></div></div>
</div>
<script>
var daily = Math.floor(Date.now()/1000/60/60/24);document.write('<script src="https://play.pokemonshowdown.com/js/replay-embed.js?version'+daily+'"></'+'script>');
</script>
