<!DOCTYPE html>
<meta charset="utf-8" />
<!-- version 1 -->
<title>[Gen 7] Random Battle replay: hyftyftyht vs. RedBuryGirl</title>
<style>
html,body {font-family:Verdana, sans-serif;font-size:10pt;margin:0;padding:0;}body{padding:12px 0;} .battle-log {font-family:Verdana, sans-serif;font-size:10pt;} .battle-log-inline {border:1px solid #AAAAAA;background:#EEF2F5;color:black;max-width:640px;margin:0 auto 80px;padding-bottom:5px;} .battle-log .inner {padding:4px 8px 0px 8px;} .battle-log .inner-preempt {padding:0 8px 4px 8px;} .battle-log .inner-after {margin-top:0.5em;} .battle-log h2 {margin:0.5em -8px;padding:4px 8px;border:1px solid #AAAAAA;background:#E0E7EA;border-left:0;border-right:0;font-family:Verdana, sans-serif;font-size:13pt;} .battle-log .chat {vertical-align:middle;padding:3px 0 3px 0;font-size:8pt;} .battle-log .chat strong {color:#40576A;} .battle-log .chat em {padding:1px 4px 1px 3px;color:#000000;font-style:normal;} .chat.mine {background:rgba(0,0,0,0.05);margin-left:-8px;margin-right:-8px;padding-left:8px;padding-right:8px;} .spoiler {color:#BBBBBB;background:#BBBBBB;padding:0px 3px;} .spoiler:hover, .spoiler:active, .spoiler-shown {color:#000000;background:#E2E2E2;padding:0px 3px;} .spoiler a {color:#BBBBBB;} .spoiler:hover a, .spoiler:active a, .spoiler-shown a {color:#2288CC;} .chat code, .chat .spoiler:hover code, .chat .spoiler:active code, .chat .spoiler-shown code {border:1px solid #C0C0C0;background:#EEEEEE;color:black;padding:0 2px;} .chat .spoiler code {border:1px solid #CCCCCC;background:#CCCCCC;color:#CCCCCC;} .battle-log .rated {padding:3px 4px;} .battle-log .rated strong {color:white;background:#89A;padding:1px 4px;border-radius:4px;} .spacer {margin-top:0.5em;} .message-announce {background:#6688AA;color:white;padding:1px 4px 2px;} .message-announce a, .broadcast-green a, .broadcast-blue a, .broadcast-red a {color:#DDEEFF;} .broadcast-green {background-color:#559955;color:white;padding:2px 4px;} .broadcast-blue {background-color:#6688AA;color:white;padding:2px 4px;} .infobox {border:1px solid #6688AA;padding:2px 4px;} .infobox-limited {max-height:200px;overflow:auto;overflow-x:hidden;} .broadcast-red {background-color:#AA5544;color:white;padding:2px 4px;} .message-learn-canlearn {font-weight:bold;color:#228822;text-decoration:underline;} .message-learn-cannotlearn {font-weight:bold;color:#CC2222;text-decoration:underline;} .message-effect-weak {font-weight:bold;color:#CC2222;} .message-effect-resist {font-weight:bold;color:#6688AA;} .message-effect-immune {font-weight:bold;color:#666666;} .message-learn-list {margin-top:0;margin-bottom:0;} .message-throttle-notice, .message-error {color:#992222;} .message-overflow, .chat small.message-overflow {font-size:0pt;} .message-overflow::before {font-size:9pt;content:'...';} .subtle {color:#3A4A66;}
</style>
<div class="wrapper replay-wrapper" style="max-width:1180px;margin:0 auto">
<input type="hidden" name="replayid" value="gen7randombattle-566971565" />
<div class="battle"></div><div class="battle-log"></div><div class="replay-controls"></div><div class="replay-controls-2"></div>
<h1 style="font-weight:normal;text-align:center"><strong>[Gen 7] Random Battle</strong><br /><a href="http://pokemonshowdown.com/users/hyftyftyht" class="subtle" target="_blank">hyftyftyht</a> vs. <a href="http://pokemonshowdown.com/users/redburygirl" class="subtle" target="_blank">RedBuryGirl</a></h1>
<script type="text/plain" class="battle-log-data">|j|hyftyftyht
|j|RedBuryGirl
|player|p1|hyftyftyht|265
|player|p2|RedBuryGirl|148
|gametype|singles
|gen|7
|tier|[Gen 7] Random Battle
|rated
|seed|63008,65002,34417,38991,13523,54499,38249,1180,61460,57042,23554,52075
|rule|Sleep Clause Mod: Limit one foe put to sleep
|rule|HP Percentage Mod: HP is shown in percentages
|
|start
|switch|p1a: Archeops|Archeops, L79, M|100\/100
|switch|p2a: Umbreon|Umbreon, L79, M|100\/100
|turn|1
|inactive|Battle timer is ON: inactive players will automatically lose when time's up. (requested by hyftyftyht)
|choice|move uturn|move toxic
|
|move|p1a: Archeops|U-turn|p2a: Umbreon
|-supereffective|p2a: Umbreon
|-damage|p2a: Umbreon|65\/100
|choice|switch 2|
|
|switch|p1a: Venusaur|Venusaur, L75, F|100\/100
|move|p2a: Umbreon|Toxic|p1a: Venusaur
|-immune|p1a: Venusaur|[msg]
|
|-heal|p2a: Umbreon|71\/100|[from] item: Leftovers
|upkeep
|turn|2
|choice|move knockoff mega|switch 4
|
|switch|p2a: Heracross|Heracross, L75, M|100\/100
|detailschange|p1a: Venusaur|Venusaur-Mega, L75, F
|-mega|p1a: Venusaur|Venusaur|Venusaurite
|move|p1a: Venusaur|Knock Off|p2a: Heracross
|-resisted|p2a: Heracross
|-damage|p2a: Heracross|91\/100
|
|upkeep
|turn|3
|choice|move sleeppowder|move pinmissile
|
|move|p2a: Heracross|Pin Missile|p1a: Venusaur|[miss]
|-miss|p2a: Heracross|p1a: Venusaur
|move|p1a: Venusaur|Sleep Powder|p2a: Heracross|[miss]
|-miss|p1a: Venusaur|p2a: Heracross
|
|upkeep
|turn|4
|choice|move sleeppowder|move swordsdance
|
|move|p2a: Heracross|Swords Dance|p2a: Heracross
|-boost|p2a: Heracross|atk|2
|move|p1a: Venusaur|Sleep Powder|p2a: Heracross|[miss]
|-miss|p1a: Venusaur|p2a: Heracross
|
|upkeep
|turn|5
|c|☆hyftyftyht|..
|choice|move sleeppowder|move closecombat
|
|move|p2a: Heracross|Close Combat|p1a: Venusaur
|-resisted|p1a: Venusaur
|-damage|p1a: Venusaur|54\/100
|-unboost|p2a: Heracross|def|1
|-unboost|p2a: Heracross|spd|1
|move|p1a: Venusaur|Sleep Powder|p2a: Heracross
|-status|p2a: Heracross|slp
|
|upkeep
|turn|6
|choice|move leechseed|move swordsdance mega
|
|detailschange|p2a: Heracross|Heracross-Mega, L75, M
|-mega|p2a: Heracross|Heracross|Heracronite
|move|p1a: Venusaur|Leech Seed|p2a: Heracross
|-start|p2a: Heracross|move: Leech Seed
|cant|p2a: Heracross|slp
|
|-damage|p2a: Heracross|78\/100 slp|[from] Leech Seed|[of] p1a: Venusaur
|-heal|p1a: Venusaur|66\/100|[silent]
|upkeep
|turn|7
|choice|move sludgebomb|move pinmissile
|
|move|p1a: Venusaur|Sludge Bomb|p2a: Heracross
|-damage|p2a: Heracross|19\/100 slp
|cant|p2a: Heracross|slp
|
|-damage|p2a: Heracross|7\/100 slp|[from] Leech Seed|[of] p1a: Venusaur
|-heal|p1a: Venusaur|78\/100|[silent]
|upkeep
|turn|8
|choice|move sludgebomb|switch 3
|
|switch|p2a: Armaldo|Armaldo, L79, M|100\/100
|move|p1a: Venusaur|Sludge Bomb|p2a: Armaldo
|-resisted|p2a: Armaldo
|-damage|p2a: Armaldo|79\/100
|
|upkeep
|turn|9
|choice|move knockoff|move xscissor
|
|move|p1a: Venusaur|Knock Off|p2a: Armaldo
|-damage|p2a: Armaldo|57\/100
|-enditem|p2a: Armaldo|Life Orb|[from] move: Knock Off|[of] p1a: Venusaur
|move|p2a: Armaldo|X-Scissor|p1a: Venusaur
|-damage|p1a: Venusaur|44\/100
|
|upkeep
|turn|10
|choice|move leechseed|move stoneedge
|
|move|p1a: Venusaur|Leech Seed|p2a: Armaldo
|-start|p2a: Armaldo|move: Leech Seed
|move|p2a: Armaldo|Stone Edge|p1a: Venusaur
|-damage|p1a: Venusaur|0 fnt
|faint|p1a: Venusaur
|
|upkeep
|choice|switch 2|
|
|switch|p1a: Archeops|Archeops, L79, M|100\/100
|turn|11
|choice|move stoneedge|move xscissor
|
|move|p1a: Archeops|Stone Edge|p2a: Armaldo
|-supereffective|p2a: Armaldo
|-damage|p2a: Armaldo|0 fnt
|faint|p2a: Armaldo
|
|upkeep
|choice||switch 2
|
|switch|p2a: Kabutops|Kabutops, L79, M|100\/100
|turn|12
|choice|move uturn|move swordsdance
|
|move|p1a: Archeops|U-turn|p2a: Kabutops
|-damage|p2a: Kabutops|76\/100
|choice|switch 3|
|
|switch|p1a: Cherrim|Cherrim, L79, F|100\/100
|move|p2a: Kabutops|Swords Dance|p2a: Kabutops
|-boost|p2a: Kabutops|atk|2
|
|upkeep
|turn|13
|choice|move energyball|switch 5
|
|switch|p2a: Stunfisk|Stunfisk, L79, F|100\/100
|move|p1a: Cherrim|Energy Ball|p2a: Stunfisk
|-supereffective|p2a: Stunfisk
|-damage|p2a: Stunfisk|49\/100
|
|-heal|p2a: Stunfisk|55\/100|[from] item: Leftovers
|upkeep
|turn|14
|choice|move energyball|move rest
|
|move|p1a: Cherrim|Energy Ball|p2a: Stunfisk
|-supereffective|p2a: Stunfisk
|-damage|p2a: Stunfisk|8\/100
|move|p2a: Stunfisk|Rest|p2a: Stunfisk
|-status|p2a: Stunfisk|slp
|-heal|p2a: Stunfisk|100\/100 slp|[silent]
|-status|p2a: Stunfisk|slp|[from] move: Rest
|
|upkeep
|turn|15
|choice|move energyball|move sleeptalk
|
|move|p1a: Cherrim|Energy Ball|p2a: Stunfisk
|-supereffective|p2a: Stunfisk
|-damage|p2a: Stunfisk|47\/100 slp
|cant|p2a: Stunfisk|slp
|move|p2a: Stunfisk|Sleep Talk|p2a: Stunfisk
|move|p2a: Stunfisk|Rest|p2a: Stunfisk|[from]Sleep Talk
|-fail|p2a: Stunfisk
|
|-heal|p2a: Stunfisk|53\/100 slp|[from] item: Leftovers
|upkeep
|turn|16
|choice|move energyball|move discharge
|
|move|p1a: Cherrim|Energy Ball|p2a: Stunfisk
|-supereffective|p2a: Stunfisk
|-crit|p2a: Stunfisk
|-damage|p2a: Stunfisk|0 fnt
|faint|p2a: Stunfisk
|
|upkeep
|choice||switch 4
|
|switch|p2a: Umbreon|Umbreon, L79, M|71\/100
|turn|17
|choice|move energyball|move healbell
|
|move|p1a: Cherrim|Energy Ball|p2a: Umbreon
|-damage|p2a: Umbreon|49\/100
|move|p2a: Umbreon|Heal Bell|p2a: Umbreon
|-activate|p2a: Umbreon|move: Heal Bell
|-curestatus|p2: Heracross|slp|[msg]
|
|-heal|p2a: Umbreon|55\/100|[from] item: Leftovers
|upkeep
|turn|18
|c|☆RedBuryGirl|hi
|choice|move energyball|move protect
|
|move|p2a: Umbreon|Protect|p2a: Umbreon
|-singleturn|p2a: Umbreon|Protect
|move|p1a: Cherrim|Energy Ball|p2a: Umbreon
|-activate|p2a: Umbreon|move: Protect
|
|-heal|p2a: Umbreon|61\/100|[from] item: Leftovers
|upkeep
|turn|19
|choice|move energyball|move protect
|
|move|p2a: Umbreon|Protect|p2a: Umbreon
|-singleturn|p2a: Umbreon|Protect
|move|p1a: Cherrim|Energy Ball|p2a: Umbreon
|-activate|p2a: Umbreon|move: Protect
|
|-heal|p2a: Umbreon|67\/100|[from] item: Leftovers
|upkeep
|turn|20
|choice|move energyball|move foulplay
|
|move|p1a: Cherrim|Energy Ball|p2a: Umbreon
|-damage|p2a: Umbreon|45\/100
|move|p2a: Umbreon|Foul Play|p1a: Cherrim
|-damage|p1a: Cherrim|78\/100
|
|-heal|p1a: Cherrim|84\/100|[from] item: Leftovers
|-heal|p2a: Umbreon|52\/100|[from] item: Leftovers
|upkeep
|turn|21
|choice|move energyball|move protect
|
|move|p2a: Umbreon|Protect|p2a: Umbreon
|-singleturn|p2a: Umbreon|Protect
|move|p1a: Cherrim|Energy Ball|p2a: Umbreon
|-activate|p2a: Umbreon|move: Protect
|
|-heal|p1a: Cherrim|90\/100|[from] item: Leftovers
|-heal|p2a: Umbreon|58\/100|[from] item: Leftovers
|upkeep
|turn|22
|choice|move energyball|move healbell
|
|move|p1a: Cherrim|Energy Ball|p2a: Umbreon
|-damage|p2a: Umbreon|36\/100
|move|p2a: Umbreon|Heal Bell|p2a: Umbreon
|-activate|p2a: Umbreon|move: Heal Bell
|
|-heal|p1a: Cherrim|97\/100|[from] item: Leftovers
|-heal|p2a: Umbreon|42\/100|[from] item: Leftovers
|upkeep
|turn|23
|choice|move hiddenpower|switch 6
|
|switch|p2a: Manaphy|Manaphy, L75|100\/100
|move|p1a: Cherrim|Hidden Power|p2a: Manaphy
|-resisted|p2a: Manaphy
|-crit|p2a: Manaphy
|-damage|p2a: Manaphy|91\/100
|
|-heal|p2a: Manaphy|97\/100|[from] item: Leftovers
|-heal|p1a: Cherrim|100\/100|[from] item: Leftovers
|upkeep
|turn|24
|choice|move energyball|move tailglow
|
|move|p2a: Manaphy|Tail Glow|p2a: Manaphy
|-boost|p2a: Manaphy|spa|3
|move|p1a: Cherrim|Energy Ball|p2a: Manaphy
|-supereffective|p2a: Manaphy
|-damage|p2a: Manaphy|39\/100
|
|-heal|p2a: Manaphy|45\/100|[from] item: Leftovers
|upkeep
|turn|25
|choice|switch 6|move icebeam
|
|switch|p1a: Delphox|Delphox, L79, M|100\/100
|move|p2a: Manaphy|Ice Beam|p1a: Delphox
|-resisted|p1a: Delphox
|-damage|p1a: Delphox|77\/100
|
|-heal|p2a: Manaphy|52\/100|[from] item: Leftovers
|upkeep
|turn|26
|choice|move psyshock|move energyball
|
|move|p1a: Delphox|Psyshock|p2a: Manaphy
|-damage|p2a: Manaphy|10\/100
|-damage|p1a: Delphox|67\/100|[from] item: Life Orb
|move|p2a: Manaphy|Energy Ball|p1a: Delphox
|-resisted|p1a: Delphox
|-damage|p1a: Delphox|43\/100
|
|-heal|p2a: Manaphy|16\/100|[from] item: Leftovers
|upkeep
|turn|27
|choice|move shadowball|move surf
|
|move|p1a: Delphox|Shadow Ball|p2a: Manaphy
|-damage|p2a: Manaphy|0 fnt
|-damage|p1a: Delphox|34\/100|[from] item: Life Orb
|faint|p2a: Manaphy
|
|upkeep
|choice||switch 5
|
|switch|p2a: Kabutops|Kabutops, L79, M|76\/100
|turn|28
|choice|move psyshock|move waterfall
|
|move|p1a: Delphox|Psyshock|p2a: Kabutops
|-damage|p2a: Kabutops|27\/100
|-damage|p1a: Delphox|24\/100|[from] item: Life Orb
|move|p2a: Kabutops|Waterfall|p1a: Delphox
|-supereffective|p1a: Delphox
|-damage|p1a: Delphox|0 fnt
|-damage|p2a: Kabutops|17\/100|[from] item: Life Orb
|faint|p1a: Delphox
|
|upkeep
|choice|switch 6|
|
|switch|p1a: Cherrim|Cherrim, L79, F|100\/100
|turn|29
|choice|move energyball|switch 6
|
|switch|p2a: Umbreon|Umbreon, L79, M|42\/100
|move|p1a: Cherrim|Energy Ball|p2a: Umbreon
|-damage|p2a: Umbreon|22\/100
|
|-heal|p2a: Umbreon|28\/100|[from] item: Leftovers
|upkeep
|turn|30
|choice|move hiddenpower|move protect
|
|move|p2a: Umbreon|Protect|p2a: Umbreon
|-singleturn|p2a: Umbreon|Protect
|move|p1a: Cherrim|Hidden Power|p2a: Umbreon
|-activate|p2a: Umbreon|move: Protect
|
|-heal|p2a: Umbreon|34\/100|[from] item: Leftovers
|upkeep
|turn|31
|choice|move energyball|move toxic
|
|move|p1a: Cherrim|Energy Ball|p2a: Umbreon
|-damage|p2a: Umbreon|10\/100
|move|p2a: Umbreon|Toxic|p1a: Cherrim
|-status|p1a: Cherrim|tox
|
|-heal|p2a: Umbreon|17\/100|[from] item: Leftovers
|-damage|p1a: Cherrim|94\/100 tox|[from] psn
|upkeep
|turn|32
|choice|move hiddenpower|move protect
|
|move|p2a: Umbreon|Protect|p2a: Umbreon
|-singleturn|p2a: Umbreon|Protect
|move|p1a: Cherrim|Hidden Power|p2a: Umbreon
|-activate|p2a: Umbreon|move: Protect
|
|-heal|p1a: Cherrim|100\/100 tox|[from] item: Leftovers
|-heal|p2a: Umbreon|23\/100|[from] item: Leftovers
|-damage|p1a: Cherrim|88\/100 tox|[from] psn
|upkeep
|turn|33
|choice|move energyball|move healbell
|
|move|p1a: Cherrim|Energy Ball|p2a: Umbreon
|-damage|p2a: Umbreon|1\/100
|move|p2a: Umbreon|Heal Bell|p2a: Umbreon
|-activate|p2a: Umbreon|move: Heal Bell
|
|-heal|p1a: Cherrim|94\/100 tox|[from] item: Leftovers
|-heal|p2a: Umbreon|7\/100|[from] item: Leftovers
|-damage|p1a: Cherrim|75\/100 tox|[from] psn
|upkeep
|turn|34
|choice|switch 4|move protect
|
|switch|p1a: Sawk|Sawk, L79, M|100\/100
|move|p2a: Umbreon|Protect|p2a: Umbreon
|-fail|p2a: Umbreon
|
|-heal|p2a: Umbreon|13\/100|[from] item: Leftovers
|upkeep
|turn|35
|choice|move earthquake|move protect
|
|move|p2a: Umbreon|Protect|p2a: Umbreon
|-singleturn|p2a: Umbreon|Protect
|move|p1a: Sawk|Earthquake|p2a: Umbreon
|-activate|p2a: Umbreon|move: Protect
|
|-heal|p2a: Umbreon|19\/100|[from] item: Leftovers
|upkeep
|turn|36
|choice|move closecombat|switch 6
|
|switch|p2a: Kabutops|Kabutops, L79, M|17\/100
|move|p1a: Sawk|Close Combat|p2a: Kabutops
|-supereffective|p2a: Kabutops
|-damage|p2a: Kabutops|0 fnt
|-unboost|p1a: Sawk|def|1
|-unboost|p1a: Sawk|spd|1
|faint|p2a: Kabutops
|
|upkeep
|choice||switch 3
|
|switch|p2a: Heracross|Heracross-Mega, L75, M|7\/100
|turn|37
|c|☆hyftyftyht|you are noob easy
|choice|move closecombat|move substitute
|
|move|p1a: Sawk|Close Combat|p2a: Heracross
|-resisted|p2a: Heracross
|-damage|p2a: Heracross|0 fnt
|-unboost|p1a: Sawk|def|1
|-unboost|p1a: Sawk|spd|1
|faint|p2a: Heracross
|
|upkeep
|-message|RedBuryGirl forfeited.
|
|win|hyftyftyht
|l|RedBuryGirl
|raw|hyftyftyht's rating: 1000 &rarr; <strong>1040<\/strong><br \/>(+40 for winning)
|raw|RedBuryGirl's rating: 1000 &rarr; <strong>1000<\/strong><br \/>(+0 for losing)</script>
</div>
<div class="battle-log battle-log-inline"><div class="inner"><div class="chat"><small>hyftyftyht joined.</small></div><div class="chat"><small>RedBuryGirl joined.</small></div><div style="padding:5px 0"><small>Format:</small> <br><strong>[Gen 7] Random Battle</strong></div><div class="rated"><strong>Rated battle</strong></div><div><small><em>Sleep Clause Mod:</em> Limit one foe put to sleep</small></div><div><small><em>HP Percentage Mod:</em> HP is shown in percentages</small></div><div>Battle between hyftyftyht and RedBuryGirl started!</div><div class="spacer"></div><div>Go! Archeops!</div><div class="spacer"></div><div>RedBuryGirl sent out Umbreon!</div><h2>Turn 1</h2><div class="chat message-error">Battle timer is ON: inactive players will automatically lose when time's up. (requested by hyftyftyht)</div><div class="spacer"></div><div><span class="battle-nickname" title="Archeops">Archeops</span> used <strong>U-turn</strong>!</div><div><small>It's super effective! </small><small>The opposing <span class="battle-nickname-foe" title="Umbreon">Umbreon</span> lost 35% of its health!</small><br></div><div class="spacer"></div><div><span class="battle-nickname" title="Archeops">Archeops</span> went back to hyftyftyht!</div><div class="spacer"></div><div>Go! Venusaur!</div><div class="spacer"></div><div>The opposing <span class="battle-nickname-foe" title="Umbreon">Umbreon</span> used <strong>Toxic</strong>!</div><div><small>It doesn't affect <span class="battle-nickname" title="Venusaur">Venusaur</span>... </small></div><div class="spacer"></div><div><small>The opposing <span class="battle-nickname-foe" title="Umbreon">Umbreon</span> restored a little HP using its Leftovers!</small></div><h2>Turn 2</h2><div class="spacer"></div><div>RedBuryGirl withdrew Umbreon!</div><div class="spacer"></div><div>RedBuryGirl sent out Heracross!</div><div class="spacer"></div><div><small><span class="battle-nickname" title="Venusaur-Mega">Venusaur</span>'s Venusaurite is reacting to hyftyftyht's Mega Bracelet!<br><span class="battle-nickname" title="Venusaur-Mega">Venusaur</span> has Mega Evolved into Mega Venusaur!</small></div><div class="spacer"></div><div><span class="battle-nickname" title="Venusaur-Mega">Venusaur</span> used <strong>Knock Off</strong>!</div><div><small>It's not very effective... </small><small>The opposing <span class="battle-nickname-foe" title="Heracross">Heracross</span> lost 9% of its health!</small><br></div><h2>Turn 3</h2><div class="spacer"></div><div>The opposing <span class="battle-nickname-foe" title="Heracross">Heracross</span> used <strong>Pin Missile</strong>!</div><div><small><span class="battle-nickname" title="Venusaur-Mega">Venusaur</span> avoided the attack!</small></div><div class="spacer"></div><div><span class="battle-nickname" title="Venusaur-Mega">Venusaur</span> used <strong>Sleep Powder</strong>!</div><div><small>The opposing <span class="battle-nickname-foe" title="Heracross">Heracross</span> avoided the attack!</small></div><h2>Turn 4</h2><div class="spacer"></div><div>The opposing <span class="battle-nickname-foe" title="Heracross">Heracross</span> used <strong>Swords Dance</strong>!</div><div><small>The opposing <span class="battle-nickname-foe" title="Heracross">Heracross</span>'s Attack rose sharply! </small></div><div class="spacer"></div><div><span class="battle-nickname" title="Venusaur-Mega">Venusaur</span> used <strong>Sleep Powder</strong>!</div><div><small>The opposing <span class="battle-nickname-foe" title="Heracross">Heracross</span> avoided the attack!</small></div><h2>Turn 5</h2><div class="chat chatmessage-hyftyftyht"><strong style="color:hsl(97,66.4039868%,42.5960132%);"><small>☆</small><span class="username" data-name="hyftyftyht">hyftyftyht</span>:</strong> <em>..</em></div><div class="spacer"></div><div>The opposing <span class="battle-nickname-foe" title="Heracross">Heracross</span> used <strong>Close Combat</strong>!</div><div><small>It's not very effective... </small><small><span class="battle-nickname" title="Venusaur-Mega">Venusaur</span> lost 46% of its health!</small><br></div><div><small>The opposing <span class="battle-nickname-foe" title="Heracross">Heracross</span>'s Defense fell! The opposing <span class="battle-nickname-foe" title="Heracross">Heracross</span>'s Special Defense fell! </small></div><div class="spacer"></div><div><span class="battle-nickname" title="Venusaur-Mega">Venusaur</span> used <strong>Sleep Powder</strong>!</div><div><small>The opposing <span class="battle-nickname-foe" title="Heracross">Heracross</span> fell asleep!</small></div><h2>Turn 6</h2><div class="spacer"></div><div><small>The opposing <span class="battle-nickname-foe" title="Heracross-Mega">Heracross</span>'s Heracronite is reacting to RedBuryGirl's Mega Bracelet!<br>The opposing <span class="battle-nickname-foe" title="Heracross-Mega">Heracross</span> has Mega Evolved into Mega Heracross!</small></div><div class="spacer"></div><div><span class="battle-nickname" title="Venusaur-Mega">Venusaur</span> used <strong>Leech Seed</strong>!</div><div><small>The opposing <span class="battle-nickname-foe" title="Heracross-Mega">Heracross</span> was seeded!</small></div><div class="spacer"></div><div>The opposing <span class="battle-nickname-foe" title="Heracross-Mega">Heracross</span> is fast asleep.</div><div class="spacer"></div><div><small>The opposing <span class="battle-nickname-foe" title="Heracross-Mega">Heracross</span>'s health is sapped by Leech Seed!</small></div><h2>Turn 7</h2><div class="spacer"></div><div><span class="battle-nickname" title="Venusaur-Mega">Venusaur</span> used <strong>Sludge Bomb</strong>!</div><div><small>The opposing <span class="battle-nickname-foe" title="Heracross-Mega">Heracross</span> lost 59% of its health!</small><br></div><div class="spacer"></div><div>The opposing <span class="battle-nickname-foe" title="Heracross-Mega">Heracross</span> is fast asleep.</div><div class="spacer"></div><div><small>The opposing <span class="battle-nickname-foe" title="Heracross-Mega">Heracross</span>'s health is sapped by Leech Seed!</small></div><h2>Turn 8</h2><div class="spacer"></div><div>RedBuryGirl withdrew <span class="battle-nickname-foe" title="Heracross-Mega">Heracross <small>(Heracross-Mega)</small></span>!</div><div class="spacer"></div><div>RedBuryGirl sent out Armaldo!</div><div class="spacer"></div><div><span class="battle-nickname" title="Venusaur-Mega">Venusaur</span> used <strong>Sludge Bomb</strong>!</div><div><small>It's not very effective... </small><small>The opposing <span class="battle-nickname-foe" title="Armaldo">Armaldo</span> lost 21% of its health!</small><br></div><h2>Turn 9</h2><div class="spacer"></div><div><span class="battle-nickname" title="Venusaur-Mega">Venusaur</span> used <strong>Knock Off</strong>!</div><div><small>The opposing <span class="battle-nickname-foe" title="Armaldo">Armaldo</span> lost 22% of its health!</small><br></div><div><small><span class="battle-nickname" title="Venusaur-Mega">Venusaur</span> knocked off the opposing <span class="battle-nickname-foe" title="Armaldo">Armaldo</span>'s Life Orb!</small></div><div class="spacer"></div><div>The opposing <span class="battle-nickname-foe" title="Armaldo">Armaldo</span> used <strong>X-Scissor</strong>!</div><div><small><span class="battle-nickname" title="Venusaur-Mega">Venusaur</span> lost 34% of its health!</small><br></div><h2>Turn 10</h2><div class="spacer"></div><div><span class="battle-nickname" title="Venusaur-Mega">Venusaur</span> used <strong>Leech Seed</strong>!</div><div><small>The opposing <span class="battle-nickname-foe" title="Armaldo">Armaldo</span> was seeded!</small></div><div class="spacer"></div><div>The opposing <span class="battle-nickname-foe" title="Armaldo">Armaldo</span> used <strong>Stone Edge</strong>!</div><div><small><span class="battle-nickname" title="Venusaur-Mega">Venusaur</span> lost 44% of its health!</small><br></div><div class="spacer"></div><div><span class="battle-nickname" title="Venusaur-Mega">Venusaur</span> fainted!</div><div class="spacer"></div><div>Go! Archeops!</div><h2>Turn 11</h2><div class="spacer"></div><div><span class="battle-nickname" title="Archeops">Archeops</span> used <strong>Stone Edge</strong>!</div><div><small>It's super effective! </small><small>The opposing <span class="battle-nickname-foe" title="Armaldo">Armaldo</span> lost 56% of its health!</small><br></div><div class="spacer"></div><div>The opposing <span class="battle-nickname-foe" title="Armaldo">Armaldo</span> fainted!</div><div class="spacer"></div><div>RedBuryGirl sent out Kabutops!</div><h2>Turn 12</h2><div class="spacer"></div><div><span class="battle-nickname" title="Archeops">Archeops</span> used <strong>U-turn</strong>!</div><div><small>The opposing <span class="battle-nickname-foe" title="Kabutops">Kabutops</span> lost 24% of its health!</small><br></div><div class="spacer"></div><div><span class="battle-nickname" title="Archeops">Archeops</span> went back to hyftyftyht!</div><div class="spacer"></div><div>Go! Cherrim!</div><div class="spacer"></div><div>The opposing <span class="battle-nickname-foe" title="Kabutops">Kabutops</span> used <strong>Swords Dance</strong>!</div><div><small>The opposing <span class="battle-nickname-foe" title="Kabutops">Kabutops</span>'s Attack rose sharply! </small></div><h2>Turn 13</h2><div class="spacer"></div><div>RedBuryGirl withdrew Kabutops!</div><div class="spacer"></div><div>RedBuryGirl sent out Stunfisk!</div><div class="spacer"></div><div><span class="battle-nickname" title="Cherrim">Cherrim</span> used <strong>Energy Ball</strong>!</div><div><small>It's super effective! </small><small>The opposing <span class="battle-nickname-foe" title="Stunfisk">Stunfisk</span> lost 51% of its health!</small><br></div><div class="spacer"></div><div><small>The opposing <span class="battle-nickname-foe" title="Stunfisk">Stunfisk</span> restored a little HP using its Leftovers!</small></div><h2>Turn 14</h2><div class="spacer"></div><div><span class="battle-nickname" title="Cherrim">Cherrim</span> used <strong>Energy Ball</strong>!</div><div><small>It's super effective! </small><small>The opposing <span class="battle-nickname-foe" title="Stunfisk">Stunfisk</span> lost 47% of its health!</small><br></div><div class="spacer"></div><div>The opposing <span class="battle-nickname-foe" title="Stunfisk">Stunfisk</span> used <strong>Rest</strong>!</div><div><small>The opposing <span class="battle-nickname-foe" title="Stunfisk">Stunfisk</span> fell asleep!</small></div><div><small>The opposing <span class="battle-nickname-foe" title="Stunfisk">Stunfisk</span> slept and became healthy!</small></div><h2>Turn 15</h2><div class="spacer"></div><div><span class="battle-nickname" title="Cherrim">Cherrim</span> used <strong>Energy Ball</strong>!</div><div><small>It's super effective! </small><small>The opposing <span class="battle-nickname-foe" title="Stunfisk">Stunfisk</span> lost 53% of its health!</small><br></div><div class="spacer"></div><div>The opposing <span class="battle-nickname-foe" title="Stunfisk">Stunfisk</span> is fast asleep.</div><div class="spacer"></div><div>The opposing <span class="battle-nickname-foe" title="Stunfisk">Stunfisk</span> used <strong>Sleep Talk</strong>!</div><div>The opposing <span class="battle-nickname-foe" title="Stunfisk">Stunfisk</span> used <strong>Rest</strong>!</div><div><small>But it failed!</small></div><div class="spacer"></div><div><small>The opposing <span class="battle-nickname-foe" title="Stunfisk">Stunfisk</span> restored a little HP using its Leftovers!</small></div><h2>Turn 16</h2><div class="spacer"></div><div><span class="battle-nickname" title="Cherrim">Cherrim</span> used <strong>Energy Ball</strong>!</div><div><small>It's super effective! A critical hit! </small><small>The opposing <span class="battle-nickname-foe" title="Stunfisk">Stunfisk</span> lost 53% of its health!</small><br></div><div class="spacer"></div><div>The opposing <span class="battle-nickname-foe" title="Stunfisk">Stunfisk</span> fainted!</div><div class="spacer"></div><div>RedBuryGirl sent out Umbreon!</div><h2>Turn 17</h2><div class="spacer"></div><div><span class="battle-nickname" title="Cherrim">Cherrim</span> used <strong>Energy Ball</strong>!</div><div><small>The opposing <span class="battle-nickname-foe" title="Umbreon">Umbreon</span> lost 22% of its health!</small><br></div><div class="spacer"></div><div>The opposing <span class="battle-nickname-foe" title="Umbreon">Umbreon</span> used <strong>Heal Bell</strong>!</div><div><small>A bell chimed!</small></div><div><small>The opposing <span class="battle-nickname-foe" title="Heracross-Mega">Heracross</span> woke up!</small></div><div class="spacer"></div><div><small>The opposing <span class="battle-nickname-foe" title="Umbreon">Umbreon</span> restored a little HP using its Leftovers!</small></div><h2>Turn 18</h2><div class="chat chatmessage-redburygirl"><strong style="color:hsl(338,44.766456133333335%,48.233543866666665%);"><small>☆</small><span class="username" data-name="RedBuryGirl">RedBuryGirl</span>:</strong> <em>hi</em></div><div class="spacer"></div><div>The opposing <span class="battle-nickname-foe" title="Umbreon">Umbreon</span> used <strong>Protect</strong>!</div><div><small>The opposing <span class="battle-nickname-foe" title="Umbreon">Umbreon</span> protected itself!</small></div><div class="spacer"></div><div><span class="battle-nickname" title="Cherrim">Cherrim</span> used <strong>Energy Ball</strong>!</div><div><small>The opposing <span class="battle-nickname-foe" title="Umbreon">Umbreon</span> protected itself!</small></div><div class="spacer"></div><div><small>The opposing <span class="battle-nickname-foe" title="Umbreon">Umbreon</span> restored a little HP using its Leftovers!</small></div><h2>Turn 19</h2><div class="spacer"></div><div>The opposing <span class="battle-nickname-foe" title="Umbreon">Umbreon</span> used <strong>Protect</strong>!</div><div><small>The opposing <span class="battle-nickname-foe" title="Umbreon">Umbreon</span> protected itself!</small></div><div class="spacer"></div><div><span class="battle-nickname" title="Cherrim">Cherrim</span> used <strong>Energy Ball</strong>!</div><div><small>The opposing <span class="battle-nickname-foe" title="Umbreon">Umbreon</span> protected itself!</small></div><div class="spacer"></div><div><small>The opposing <span class="battle-nickname-foe" title="Umbreon">Umbreon</span> restored a little HP using its Leftovers!</small></div><h2>Turn 20</h2><div class="spacer"></div><div><span class="battle-nickname" title="Cherrim">Cherrim</span> used <strong>Energy Ball</strong>!</div><div><small>The opposing <span class="battle-nickname-foe" title="Umbreon">Umbreon</span> lost 22% of its health!</small><br></div><div class="spacer"></div><div>The opposing <span class="battle-nickname-foe" title="Umbreon">Umbreon</span> used <strong>Foul Play</strong>!</div><div><small><span class="battle-nickname" title="Cherrim">Cherrim</span> lost 22% of its health!</small><br></div><div class="spacer"></div><div><small><span class="battle-nickname" title="Cherrim">Cherrim</span> restored a little HP using its Leftovers!</small></div><div><small>The opposing <span class="battle-nickname-foe" title="Umbreon">Umbreon</span> restored a little HP using its Leftovers!</small></div><h2>Turn 21</h2><div class="spacer"></div><div>The opposing <span class="battle-nickname-foe" title="Umbreon">Umbreon</span> used <strong>Protect</strong>!</div><div><small>The opposing <span class="battle-nickname-foe" title="Umbreon">Umbreon</span> protected itself!</small></div><div class="spacer"></div><div><span class="battle-nickname" title="Cherrim">Cherrim</span> used <strong>Energy Ball</strong>!</div><div><small>The opposing <span class="battle-nickname-foe" title="Umbreon">Umbreon</span> protected itself!</small></div><div class="spacer"></div><div><small><span class="battle-nickname" title="Cherrim">Cherrim</span> restored a little HP using its Leftovers!</small></div><div><small>The opposing <span class="battle-nickname-foe" title="Umbreon">Umbreon</span> restored a little HP using its Leftovers!</small></div><h2>Turn 22</h2><div class="spacer"></div><div><span class="battle-nickname" title="Cherrim">Cherrim</span> used <strong>Energy Ball</strong>!</div><div><small>The opposing <span class="battle-nickname-foe" title="Umbreon">Umbreon</span> lost 21% of its health!</small><br></div><div class="spacer"></div><div>The opposing <span class="battle-nickname-foe" title="Umbreon">Umbreon</span> used <strong>Heal Bell</strong>!</div><div><small>A bell chimed!</small></div><div class="spacer"></div><div><small><span class="battle-nickname" title="Cherrim">Cherrim</span> restored a little HP using its Leftovers!</small></div><div><small>The opposing <span class="battle-nickname-foe" title="Umbreon">Umbreon</span> restored a little HP using its Leftovers!</small></div><h2>Turn 23</h2><div class="spacer"></div><div>RedBuryGirl withdrew Umbreon!</div><div class="spacer"></div><div>RedBuryGirl sent out Manaphy!</div><div class="spacer"></div><div><span class="battle-nickname" title="Cherrim">Cherrim</span> used <strong>Hidden Power</strong>!</div><div><small>It's not very effective... A critical hit! </small><small>The opposing <span class="battle-nickname-foe" title="Manaphy">Manaphy</span> lost 9% of its health!</small><br></div><div class="spacer"></div><div><small>The opposing <span class="battle-nickname-foe" title="Manaphy">Manaphy</span> restored a little HP using its Leftovers!</small></div><div><small><span class="battle-nickname" title="Cherrim">Cherrim</span> restored a little HP using its Leftovers!</small></div><h2>Turn 24</h2><div class="spacer"></div><div>The opposing <span class="battle-nickname-foe" title="Manaphy">Manaphy</span> used <strong>Tail Glow</strong>!</div><div><small>The opposing <span class="battle-nickname-foe" title="Manaphy">Manaphy</span>'s Special Attack rose drastically! </small></div><div class="spacer"></div><div><span class="battle-nickname" title="Cherrim">Cherrim</span> used <strong>Energy Ball</strong>!</div><div><small>It's super effective! </small><small>The opposing <span class="battle-nickname-foe" title="Manaphy">Manaphy</span> lost 58% of its health!</small><br></div><div class="spacer"></div><div><small>The opposing <span class="battle-nickname-foe" title="Manaphy">Manaphy</span> restored a little HP using its Leftovers!</small></div><h2>Turn 25</h2><div class="spacer"></div><div><span class="battle-nickname" title="Cherrim">Cherrim</span>, come back!</div><div class="spacer"></div><div>Go! Delphox!</div><div class="spacer"></div><div>The opposing <span class="battle-nickname-foe" title="Manaphy">Manaphy</span> used <strong>Ice Beam</strong>!</div><div><small>It's not very effective... </small><small><span class="battle-nickname" title="Delphox">Delphox</span> lost 23% of its health!</small><br></div><div class="spacer"></div><div><small>The opposing <span class="battle-nickname-foe" title="Manaphy">Manaphy</span> restored a little HP using its Leftovers!</small></div><h2>Turn 26</h2><div class="spacer"></div><div><span class="battle-nickname" title="Delphox">Delphox</span> used <strong>Psyshock</strong>!</div><div><small>The opposing <span class="battle-nickname-foe" title="Manaphy">Manaphy</span> lost 42% of its health!</small><br></div><div><small><span class="battle-nickname" title="Delphox">Delphox</span> lost some of its HP!</small></div><div class="spacer"></div><div>The opposing <span class="battle-nickname-foe" title="Manaphy">Manaphy</span> used <strong>Energy Ball</strong>!</div><div><small>It's not very effective... </small><small><span class="battle-nickname" title="Delphox">Delphox</span> lost 24% of its health!</small><br></div><div class="spacer"></div><div><small>The opposing <span class="battle-nickname-foe" title="Manaphy">Manaphy</span> restored a little HP using its Leftovers!</small></div><h2>Turn 27</h2><div class="spacer"></div><div><span class="battle-nickname" title="Delphox">Delphox</span> used <strong>Shadow Ball</strong>!</div><div><small>The opposing <span class="battle-nickname-foe" title="Manaphy">Manaphy</span> lost 16% of its health!</small><br></div><div><small><span class="battle-nickname" title="Delphox">Delphox</span> lost some of its HP!</small></div><div class="spacer"></div><div>The opposing <span class="battle-nickname-foe" title="Manaphy">Manaphy</span> fainted!</div><div class="spacer"></div><div>RedBuryGirl sent out Kabutops!</div><h2>Turn 28</h2><div class="spacer"></div><div><span class="battle-nickname" title="Delphox">Delphox</span> used <strong>Psyshock</strong>!</div><div><small>The opposing <span class="battle-nickname-foe" title="Kabutops">Kabutops</span> lost 49% of its health!</small><br></div><div><small><span class="battle-nickname" title="Delphox">Delphox</span> lost some of its HP!</small></div><div class="spacer"></div><div>The opposing <span class="battle-nickname-foe" title="Kabutops">Kabutops</span> used <strong>Waterfall</strong>!</div><div><small>It's super effective! </small><small><span class="battle-nickname" title="Delphox">Delphox</span> lost 24% of its health!</small><br></div><div><small>The opposing <span class="battle-nickname-foe" title="Kabutops">Kabutops</span> lost some of its HP!</small></div><div class="spacer"></div><div><span class="battle-nickname" title="Delphox">Delphox</span> fainted!</div><div class="spacer"></div><div>Go! Cherrim!</div><h2>Turn 29</h2><div class="spacer"></div><div>RedBuryGirl withdrew Kabutops!</div><div class="spacer"></div><div>RedBuryGirl sent out Umbreon!</div><div class="spacer"></div><div><span class="battle-nickname" title="Cherrim">Cherrim</span> used <strong>Energy Ball</strong>!</div><div><small>The opposing <span class="battle-nickname-foe" title="Umbreon">Umbreon</span> lost 20% of its health!</small><br></div><div class="spacer"></div><div><small>The opposing <span class="battle-nickname-foe" title="Umbreon">Umbreon</span> restored a little HP using its Leftovers!</small></div><h2>Turn 30</h2><div class="spacer"></div><div>The opposing <span class="battle-nickname-foe" title="Umbreon">Umbreon</span> used <strong>Protect</strong>!</div><div><small>The opposing <span class="battle-nickname-foe" title="Umbreon">Umbreon</span> protected itself!</small></div><div class="spacer"></div><div><span class="battle-nickname" title="Cherrim">Cherrim</span> used <strong>Hidden Power</strong>!</div><div><small>The opposing <span class="battle-nickname-foe" title="Umbreon">Umbreon</span> protected itself!</small></div><div class="spacer"></div><div><small>The opposing <span class="battle-nickname-foe" title="Umbreon">Umbreon</span> restored a little HP using its Leftovers!</small></div><h2>Turn 31</h2><div class="spacer"></div><div><span class="battle-nickname" title="Cherrim">Cherrim</span> used <strong>Energy Ball</strong>!</div><div><small>The opposing <span class="battle-nickname-foe" title="Umbreon">Umbreon</span> lost 24% of its health!</small><br></div><div class="spacer"></div><div>The opposing <span class="battle-nickname-foe" title="Umbreon">Umbreon</span> used <strong>Toxic</strong>!</div><div><small><span class="battle-nickname" title="Cherrim">Cherrim</span> was badly poisoned!</small></div><div class="spacer"></div><div><small>The opposing <span class="battle-nickname-foe" title="Umbreon">Umbreon</span> restored a little HP using its Leftovers!</small></div><div><small><span class="battle-nickname" title="Cherrim">Cherrim</span> was hurt by poison!</small></div><h2>Turn 32</h2><div class="spacer"></div><div>The opposing <span class="battle-nickname-foe" title="Umbreon">Umbreon</span> used <strong>Protect</strong>!</div><div><small>The opposing <span class="battle-nickname-foe" title="Umbreon">Umbreon</span> protected itself!</small></div><div class="spacer"></div><div><span class="battle-nickname" title="Cherrim">Cherrim</span> used <strong>Hidden Power</strong>!</div><div><small>The opposing <span class="battle-nickname-foe" title="Umbreon">Umbreon</span> protected itself!</small></div><div class="spacer"></div><div><small><span class="battle-nickname" title="Cherrim">Cherrim</span> restored a little HP using its Leftovers!</small></div><div><small>The opposing <span class="battle-nickname-foe" title="Umbreon">Umbreon</span> restored a little HP using its Leftovers!</small></div><div><small><span class="battle-nickname" title="Cherrim">Cherrim</span> was hurt by poison!</small></div><h2>Turn 33</h2><div class="spacer"></div><div><span class="battle-nickname" title="Cherrim">Cherrim</span> used <strong>Energy Ball</strong>!</div><div><small>The opposing <span class="battle-nickname-foe" title="Umbreon">Umbreon</span> lost 22% of its health!</small><br></div><div class="spacer"></div><div>The opposing <span class="battle-nickname-foe" title="Umbreon">Umbreon</span> used <strong>Heal Bell</strong>!</div><div><small>A bell chimed!</small></div><div class="spacer"></div><div><small><span class="battle-nickname" title="Cherrim">Cherrim</span> restored a little HP using its Leftovers!</small></div><div><small>The opposing <span class="battle-nickname-foe" title="Umbreon">Umbreon</span> restored a little HP using its Leftovers!</small></div><div><small><span class="battle-nickname" title="Cherrim">Cherrim</span> was hurt by poison!</small></div><h2>Turn 34</h2><div class="spacer"></div><div><span class="battle-nickname" title="Cherrim">Cherrim</span>, come back!</div><div class="spacer"></div><div>Go! Sawk!</div><div class="spacer"></div><div>The opposing <span class="battle-nickname-foe" title="Umbreon">Umbreon</span> used <strong>Protect</strong>!</div><div><small>But it failed!</small></div><div class="spacer"></div><div><small>The opposing <span class="battle-nickname-foe" title="Umbreon">Umbreon</span> restored a little HP using its Leftovers!</small></div><h2>Turn 35</h2><div class="spacer"></div><div>The opposing <span class="battle-nickname-foe" title="Umbreon">Umbreon</span> used <strong>Protect</strong>!</div><div><small>The opposing <span class="battle-nickname-foe" title="Umbreon">Umbreon</span> protected itself!</small></div><div class="spacer"></div><div><span class="battle-nickname" title="Sawk">Sawk</span> used <strong>Earthquake</strong>!</div><div><small>The opposing <span class="battle-nickname-foe" title="Umbreon">Umbreon</span> protected itself!</small></div><div class="spacer"></div><div><small>The opposing <span class="battle-nickname-foe" title="Umbreon">Umbreon</span> restored a little HP using its Leftovers!</small></div><h2>Turn 36</h2><div class="spacer"></div><div>RedBuryGirl withdrew Umbreon!</div><div class="spacer"></div><div>RedBuryGirl sent out Kabutops!</div><div class="spacer"></div><div><span class="battle-nickname" title="Sawk">Sawk</span> used <strong>Close Combat</strong>!</div><div><small>It's super effective! </small><small>The opposing <span class="battle-nickname-foe" title="Kabutops">Kabutops</span> lost 17% of its health!</small><br></div><div><small><span class="battle-nickname" title="Sawk">Sawk</span>'s Defense fell! <span class="battle-nickname" title="Sawk">Sawk</span>'s Special Defense fell! </small></div><div class="spacer"></div><div>The opposing <span class="battle-nickname-foe" title="Kabutops">Kabutops</span> fainted!</div><div class="spacer"></div><div>RedBuryGirl sent out <span class="battle-nickname-foe" title="Heracross-Mega">Heracross <small>(Heracross-Mega)</small></span>!</div><h2>Turn 37</h2><div class="chat chatmessage-hyftyftyht"><strong style="color:hsl(97,66.4039868%,42.5960132%);"><small>☆</small><span class="username" data-name="hyftyftyht">hyftyftyht</span>:</strong> <em>you are noob easy</em></div><div class="spacer"></div><div><span class="battle-nickname" title="Sawk">Sawk</span> used <strong>Close Combat</strong>!</div><div><small>It's not very effective... </small><small>The opposing <span class="battle-nickname-foe" title="Heracross-Mega">Heracross</span> lost 7% of its health!</small><br></div><div><small><span class="battle-nickname" title="Sawk">Sawk</span>'s Defense fell! <span class="battle-nickname" title="Sawk">Sawk</span>'s Special Defense fell! </small></div><div class="spacer"></div><div>The opposing <span class="battle-nickname-foe" title="Heracross-Mega">Heracross</span> fainted!</div><div class="spacer"></div><div><small>RedBuryGirl forfeited.</small></div><div class="spacer"></div><div>hyftyftyht won the battle!</div><div class="chat"><small>RedBuryGirl left.</small></div><div class="chat">hyftyftyht's rating: 1000 → <strong>1040</strong><br>(+40 for winning)</div><div class="chat">RedBuryGirl's rating: 1000 → <strong>1000</strong><br>(+0 for losing)</div></div></div>
</div>
<script>
var daily = Math.floor(Date.now()/1000/60/60/24);document.write('<script src="https://play.pokemonshowdown.com/js/replay-embed.js?version'+daily+'"></'+'script>');
</script>
