<!DOCTYPE html>
<meta charset="utf-8" />
<!-- version 1 -->
<title>[Gen 7] Random Battle replay: QueenFluffyFlaaffy vs. Demonpablino</title>
<style>
html,body {font-family:Verdana, sans-serif;font-size:10pt;margin:0;padding:0;}body{padding:12px 0;} .battle-log {font-family:Verdana, sans-serif;font-size:10pt;} .battle-log-inline {border:1px solid #AAAAAA;background:#EEF2F5;color:black;max-width:640px;margin:0 auto 80px;padding-bottom:5px;} .battle-log .inner {padding:4px 8px 0px 8px;} .battle-log .inner-preempt {padding:0 8px 4px 8px;} .battle-log .inner-after {margin-top:0.5em;} .battle-log h2 {margin:0.5em -8px;padding:4px 8px;border:1px solid #AAAAAA;background:#E0E7EA;border-left:0;border-right:0;font-family:Verdana, sans-serif;font-size:13pt;} .battle-log .chat {vertical-align:middle;padding:3px 0 3px 0;font-size:8pt;} .battle-log .chat strong {color:#40576A;} .battle-log .chat em {padding:1px 4px 1px 3px;color:#000000;font-style:normal;} .chat.mine {background:rgba(0,0,0,0.05);margin-left:-8px;margin-right:-8px;padding-left:8px;padding-right:8px;} .spoiler {color:#BBBBBB;background:#BBBBBB;padding:0px 3px;} .spoiler:hover, .spoiler:active, .spoiler-shown {color:#000000;background:#E2E2E2;padding:0px 3px;} .spoiler a {color:#BBBBBB;} .spoiler:hover a, .spoiler:active a, .spoiler-shown a {color:#2288CC;} .chat code, .chat .spoiler:hover code, .chat .spoiler:active code, .chat .spoiler-shown code {border:1px solid #C0C0C0;background:#EEEEEE;color:black;padding:0 2px;} .chat .spoiler code {border:1px solid #CCCCCC;background:#CCCCCC;color:#CCCCCC;} .battle-log .rated {padding:3px 4px;} .battle-log .rated strong {color:white;background:#89A;padding:1px 4px;border-radius:4px;} .spacer {margin-top:0.5em;} .message-announce {background:#6688AA;color:white;padding:1px 4px 2px;} .message-announce a, .broadcast-green a, .broadcast-blue a, .broadcast-red a {color:#DDEEFF;} .broadcast-green {background-color:#559955;color:white;padding:2px 4px;} .broadcast-blue {background-color:#6688AA;color:white;padding:2px 4px;} .infobox {border:1px solid #6688AA;padding:2px 4px;} .infobox-limited {max-height:200px;overflow:auto;overflow-x:hidden;} .broadcast-red {background-color:#AA5544;color:white;padding:2px 4px;} .message-learn-canlearn {font-weight:bold;color:#228822;text-decoration:underline;} .message-learn-cannotlearn {font-weight:bold;color:#CC2222;text-decoration:underline;} .message-effect-weak {font-weight:bold;color:#CC2222;} .message-effect-resist {font-weight:bold;color:#6688AA;} .message-effect-immune {font-weight:bold;color:#666666;} .message-learn-list {margin-top:0;margin-bottom:0;} .message-throttle-notice, .message-error {color:#992222;} .message-overflow, .chat small.message-overflow {font-size:0pt;} .message-overflow::before {font-size:9pt;content:'...';} .subtle {color:#3A4A66;}
</style>
<div class="wrapper replay-wrapper" style="max-width:1180px;margin:0 auto">
<input type="hidden" name="replayid" value="gen7randombattle-566860085" />
<div class="battle"></div><div class="battle-log"></div><div class="replay-controls"></div><div class="replay-controls-2"></div>
<h1 style="font-weight:normal;text-align:center"><strong>[Gen 7] Random Battle</strong><br /><a href="http://pokemonshowdown.com/users/queenfluffyflaaffy" class="subtle" target="_blank">QueenFluffyFlaaffy</a> vs. <a href="http://pokemonshowdown.com/users/demonpablino" class="subtle" target="_blank">Demonpablino</a></h1>
<script type="text/plain" class="battle-log-data">|j|QueenFluffyFlaaffy
|j|Demonpablino
|player|p1|QueenFluffyFlaaffy|30
|player|p2|Demonpablino|151
|gametype|singles
|gen|7
|tier|[Gen 7] Random Battle
|rated
|seed|47015,34850,57635,60876,40850,11567,22482,47399,20416,46539,44124,32935
|rule|Sleep Clause Mod: Limit one foe put to sleep
|rule|HP Percentage Mod: HP is shown in percentages
|
|start
|switch|p1a: Hippowdon|Hippowdon, L77, F|100\/100
|switch|p2a: Magearna|Magearna, L75|100\/100
|-weather|Sandstorm|[from] ability: Sand Stream|[of] p1a: Hippowdon
|turn|1
|choice|move earthquake|switch 4
|
|switch|p2a: Whiscash|Whiscash, L79, M|100\/100
|move|p1a: Hippowdon|Earthquake|p2a: Whiscash
|-damage|p2a: Whiscash|59\/100
|
|-weather|Sandstorm|[upkeep]
|upkeep
|turn|2
|inactive|Battle timer is ON: inactive players will automatically lose when time's up. (requested by Demonpablino)
|choice|move toxic|move dragondance
|
|move|p2a: Whiscash|Dragon Dance|p2a: Whiscash
|-boost|p2a: Whiscash|atk|1
|-boost|p2a: Whiscash|spe|1
|move|p1a: Hippowdon|Toxic|p2a: Whiscash
|-status|p2a: Whiscash|tox
|
|-weather|Sandstorm|[upkeep]
|-damage|p2a: Whiscash|53\/100 tox|[from] psn
|upkeep
|turn|3
|choice|move earthquake|move waterfall
|
|move|p2a: Whiscash|Waterfall|p1a: Hippowdon
|-supereffective|p1a: Hippowdon
|-damage|p1a: Hippowdon|23\/100
|-damage|p2a: Whiscash|43\/100 tox|[from] item: Life Orb
|cant|p1a: Hippowdon|flinch
|
|-weather|Sandstorm|[upkeep]
|-heal|p1a: Hippowdon|30\/100|[from] item: Leftovers
|-damage|p2a: Whiscash|31\/100 tox|[from] psn
|upkeep
|turn|4
|choice|move slackoff|move waterfall
|
|move|p2a: Whiscash|Waterfall|p1a: Hippowdon
|-supereffective|p1a: Hippowdon
|-damage|p1a: Hippowdon|0 fnt
|-damage|p2a: Whiscash|21\/100 tox|[from] item: Life Orb
|faint|p1a: Hippowdon
|
|-weather|Sandstorm|[upkeep]
|-damage|p2a: Whiscash|3\/100 tox|[from] psn
|upkeep
|choice|switch 3|
|
|switch|p1a: Trevenant|Trevenant, L79, M|100\/100
|turn|5
|choice|move substitute|move earthquake
|
|move|p2a: Whiscash|Earthquake|p1a: Trevenant
|-resisted|p1a: Trevenant
|-damage|p1a: Trevenant|69\/100
|-damage|p2a: Whiscash|0 fnt|[from] item: Life Orb
|faint|p2a: Whiscash
|move|p1a: Trevenant|Substitute|p1a: Trevenant
|-start|p1a: Trevenant|Substitute
|-damage|p1a: Trevenant|44\/100
|
|-weather|none
|-heal|p1a: Trevenant|50\/100|[from] item: Leftovers
|upkeep
|choice||switch 6
|
|switch|p2a: Magmortar|Magmortar, L79, F|100\/100
|turn|6
|choice|move leechseed|move fireblast
|
|move|p2a: Magmortar|Fire Blast|p1a: Trevenant|[miss]
|-miss|p2a: Magmortar|p1a: Trevenant
|move|p1a: Trevenant|Leech Seed|p2a: Magmortar
|-start|p2a: Magmortar|move: Leech Seed
|
|-heal|p1a: Trevenant|56\/100|[from] item: Leftovers
|-damage|p2a: Magmortar|88\/100|[from] Leech Seed|[of] p1a: Trevenant
|-heal|p1a: Trevenant|67\/100|[silent]
|upkeep
|turn|7
|choice|move phantomforce|move fireblast
|
|move|p2a: Magmortar|Fire Blast|p1a: Trevenant|[miss]
|-miss|p2a: Magmortar|p1a: Trevenant
|move|p1a: Trevenant|Phantom Force|p2a: Magmortar|[still]
|-prepare|p1a: Trevenant|Phantom Force|p2a: Magmortar
|
|-heal|p2a: Magmortar|94\/100|[from] item: Leftovers
|-heal|p1a: Trevenant|73\/100|[from] item: Leftovers
|-damage|p2a: Magmortar|82\/100|[from] Leech Seed|[of] p1a: Trevenant
|-heal|p1a: Trevenant|85\/100|[silent]
|upkeep
|turn|8
|choice|move phantomforce|move fireblast
|
|move|p2a: Magmortar|Fire Blast|p1a: Trevenant|[miss]
|-miss|p2a: Magmortar|p1a: Trevenant
|move|p1a: Trevenant|Phantom Force|p2a: Magmortar|[from]lockedmove
|-damage|p2a: Magmortar|35\/100
|
|-heal|p2a: Magmortar|41\/100|[from] item: Leftovers
|-heal|p1a: Trevenant|91\/100|[from] item: Leftovers
|-damage|p2a: Magmortar|28\/100|[from] Leech Seed|[of] p1a: Trevenant
|-heal|p1a: Trevenant|100\/100|[silent]
|upkeep
|turn|9
|choice|move phantomforce|move fireblast
|
|move|p2a: Magmortar|Fire Blast|p1a: Trevenant|[miss]
|-miss|p2a: Magmortar|p1a: Trevenant
|move|p1a: Trevenant|Phantom Force|p2a: Magmortar|[still]
|-prepare|p1a: Trevenant|Phantom Force|p2a: Magmortar
|
|-heal|p2a: Magmortar|35\/100|[from] item: Leftovers
|-damage|p2a: Magmortar|22\/100|[from] Leech Seed|[of] p1a: Trevenant
|upkeep
|turn|10
|choice|move phantomforce|move fireblast
|
|move|p2a: Magmortar|Fire Blast|p1a: Trevenant|[miss]
|-miss|p2a: Magmortar|p1a: Trevenant
|move|p1a: Trevenant|Phantom Force|p2a: Magmortar|[from]lockedmove
|-crit|p2a: Magmortar
|-damage|p2a: Magmortar|0 fnt
|faint|p2a: Magmortar
|
|upkeep
|choice||switch 5
|
|switch|p2a: Tangrowth|Tangrowth, L75, M|100\/100
|turn|11
|choice|move willowisp|move knockoff
|
|move|p1a: Trevenant|Will-O-Wisp|p2a: Tangrowth
|-status|p2a: Tangrowth|brn
|move|p2a: Tangrowth|Knock Off|p1a: Trevenant
|-supereffective|p1a: Trevenant
|-end|p1a: Trevenant|Substitute
|
|-damage|p2a: Tangrowth|94\/100 brn|[from] brn
|upkeep
|turn|12
|choice|switch 2|move knockoff
|
|switch|p1a: Salamence|Salamence, L73, F|100\/100
|-ability|p1a: Salamence|Intimidate|boost
|-unboost|p2a: Tangrowth|atk|1
|move|p2a: Tangrowth|Knock Off|p1a: Salamence
|-damage|p1a: Salamence|94\/100
|
|-heal|p2a: Tangrowth|100\/100 brn|[from] item: Leftovers
|-damage|p2a: Tangrowth|94\/100 brn|[from] brn
|upkeep
|turn|13
|choice|move doubleedge mega|move sleeppowder
|
|detailschange|p1a: Salamence|Salamence-Mega, L73, F
|-mega|p1a: Salamence|Salamence|Salamencite
|move|p1a: Salamence|Double-Edge|p2a: Tangrowth
|-supereffective|p2a: Tangrowth
|-damage|p2a: Tangrowth|0 fnt
|-damage|p1a: Salamence|62\/100|[from] recoil|[of] p2a: Tangrowth
|faint|p2a: Tangrowth
|
|upkeep
|choice||switch 4
|
|switch|p2a: Magearna|Magearna, L75|100\/100
|turn|14
|choice|move earthquake|move icebeam
|
|move|p1a: Salamence|Earthquake|p2a: Magearna
|-supereffective|p2a: Magearna
|-damage|p2a: Magearna|47\/100
|move|p2a: Magearna|Ice Beam|p1a: Salamence
|-supereffective|p1a: Salamence
|-damage|p1a: Salamence|0 fnt
|faint|p1a: Salamence
|-ability|p2a: Magearna|Soul-Heart|boost
|-boost|p2a: Magearna|spa|1
|
|-heal|p2a: Magearna|53\/100|[from] item: Leftovers
|upkeep
|choice|switch 6|
|
|switch|p1a: Electivire|Electivire, L79, M|100\/100
|turn|15
|choice|move earthquake|move shiftgear
|
|move|p1a: Electivire|Earthquake|p2a: Magearna
|-supereffective|p2a: Magearna
|-damage|p2a: Magearna|0 fnt
|faint|p2a: Magearna
|
|upkeep
|choice||switch 2
|
|switch|p2a: Mamoswine|Mamoswine, L75, F|100\/100
|turn|16
|choice|switch 2|move superpower
|
|switch|p1a: Trevenant|Trevenant, L79, M|100\/100
|move|p2a: Mamoswine|Superpower|p1a: Trevenant
|-immune|p1a: Trevenant|[msg]
|
|upkeep
|turn|17
|choice|move leechseed|move iciclecrash
|
|move|p2a: Mamoswine|Icicle Crash|p1a: Trevenant
|-supereffective|p1a: Trevenant
|-damage|p1a: Trevenant|0 fnt
|-damage|p2a: Mamoswine|91\/100|[from] item: Life Orb
|faint|p1a: Trevenant
|
|upkeep
|choice|switch 2|
|
|switch|p1a: Electivire|Electivire, L79, M|100\/100
|turn|18
|choice|move crosschop|move knockoff
|
|move|p1a: Electivire|Cross Chop|p2a: Mamoswine|[miss]
|-miss|p1a: Electivire|p2a: Mamoswine
|move|p2a: Mamoswine|Knock Off|p1a: Electivire
|-damage|p1a: Electivire|54\/100
|-enditem|p1a: Electivire|Expert Belt|[from] move: Knock Off|[of] p2a: Mamoswine
|-damage|p2a: Mamoswine|81\/100|[from] item: Life Orb
|
|upkeep
|turn|19
|choice|move crosschop|move superpower
|
|move|p1a: Electivire|Cross Chop|p2a: Mamoswine|[miss]
|-miss|p1a: Electivire|p2a: Mamoswine
|move|p2a: Mamoswine|Superpower|p1a: Electivire
|-damage|p1a: Electivire|0 fnt
|-unboost|p2a: Mamoswine|atk|1
|-unboost|p2a: Mamoswine|def|1
|-damage|p2a: Mamoswine|71\/100|[from] item: Life Orb
|faint|p1a: Electivire
|
|upkeep
|choice|switch 4|
|
|switch|p1a: Druddigon|Druddigon, L79, M|100\/100
|-ability|p1a: Druddigon|Mold Breaker
|turn|20
|choice|move dragontail|switch 3
|
|switch|p2a: Furfrou|Furfrou, L79, F|100\/100
|move|p1a: Druddigon|Dragon Tail|p2a: Furfrou
|-damage|p2a: Furfrou|65\/100
|drag|p2a: Mamoswine|Mamoswine, L75, F|71\/100
|
|upkeep
|turn|21
|choice|move dragontail|move iciclecrash
|
|move|p2a: Mamoswine|Icicle Crash|p1a: Druddigon
|-supereffective|p1a: Druddigon
|-damage|p1a: Druddigon|0 fnt
|-damage|p2a: Mamoswine|62\/100|[from] item: Life Orb
|faint|p1a: Druddigon
|
|upkeep
|choice|switch 5|
|
|switch|p1a: Vespiquen|Vespiquen, L79, F|100\/100
|-ability|p1a: Vespiquen|Pressure
|turn|22
|choice|move attackorder|move iciclecrash
|
|move|p2a: Mamoswine|Icicle Crash|p1a: Vespiquen
|-supereffective|p1a: Vespiquen
|-damage|p1a: Vespiquen|0 fnt
|-damage|p2a: Mamoswine|52\/100|[from] item: Life Orb
|faint|p1a: Vespiquen
|
|win|Demonpablino
|l|QueenFluffyFlaaffy
|raw|QueenFluffyFlaaffy's rating: 1339 &rarr; <strong>1316<\/strong><br \/>(-23 for losing)
|raw|Demonpablino's rating: 1290 &rarr; <strong>1318<\/strong><br \/>(+28 for winning)</script>
</div>
<div class="battle-log battle-log-inline"><div class="inner"><div class="chat"><small>QueenFluffyFlaaffy joined.</small></div><div class="chat"><small>Demonpablino joined.</small></div><div style="padding:5px 0"><small>Format:</small> <br><strong>[Gen 7] Random Battle</strong></div><div class="rated"><strong>Rated battle</strong></div><div><small><em>Sleep Clause Mod:</em> Limit one foe put to sleep</small></div><div><small><em>HP Percentage Mod:</em> HP is shown in percentages</small></div><div>Battle between QueenFluffyFlaaffy and Demonpablino started!</div><div class="spacer"></div><div>Go! Hippowdon!</div><div class="spacer"></div><div>Demonpablino sent out Magearna!</div><div><small>[<span class="battle-nickname" title="Hippowdon">Hippowdon</span>'s Sand Stream!]</small></div><div><small>A sandstorm kicked up!</small></div><h2>Turn 1</h2><div class="spacer"></div><div>Demonpablino withdrew Magearna!</div><div class="spacer"></div><div>Demonpablino sent out Whiscash!</div><div class="spacer"></div><div><span class="battle-nickname" title="Hippowdon">Hippowdon</span> used <strong>Earthquake</strong>!</div><div><small>The opposing <span class="battle-nickname-foe" title="Whiscash">Whiscash</span> lost 41% of its health!</small><br></div><div><small>The sandstorm is raging.</small></div><h2>Turn 2</h2><div class="chat message-error">Battle timer is ON: inactive players will automatically lose when time's up. (requested by Demonpablino)</div><div class="spacer"></div><div>The opposing <span class="battle-nickname-foe" title="Whiscash">Whiscash</span> used <strong>Dragon Dance</strong>!</div><div><small>The opposing <span class="battle-nickname-foe" title="Whiscash">Whiscash</span>'s Attack rose! The opposing <span class="battle-nickname-foe" title="Whiscash">Whiscash</span>'s Speed rose! </small></div><div class="spacer"></div><div><span class="battle-nickname" title="Hippowdon">Hippowdon</span> used <strong>Toxic</strong>!</div><div><small>The opposing <span class="battle-nickname-foe" title="Whiscash">Whiscash</span> was badly poisoned!</small></div><div><small>The sandstorm is raging.</small></div><div class="spacer"></div><div><small>The opposing <span class="battle-nickname-foe" title="Whiscash">Whiscash</span> was hurt by poison!</small></div><h2>Turn 3</h2><div class="spacer"></div><div>The opposing <span class="battle-nickname-foe" title="Whiscash">Whiscash</span> used <strong>Waterfall</strong>!</div><div><small>It's super effective! </small><small><span class="battle-nickname" title="Hippowdon">Hippowdon</span> lost 77% of its health!</small><br></div><div><small>The opposing <span class="battle-nickname-foe" title="Whiscash">Whiscash</span> lost some of its HP!</small></div><div class="spacer"></div><div><span class="battle-nickname" title="Hippowdon">Hippowdon</span> flinched and couldn't move!</div><div><small>The sandstorm is raging.</small></div><div class="spacer"></div><div><small><span class="battle-nickname" title="Hippowdon">Hippowdon</span> restored a little HP using its Leftovers!</small></div><div><small>The opposing <span class="battle-nickname-foe" title="Whiscash">Whiscash</span> was hurt by poison!</small></div><h2>Turn 4</h2><div class="spacer"></div><div>The opposing <span class="battle-nickname-foe" title="Whiscash">Whiscash</span> used <strong>Waterfall</strong>!</div><div><small>It's super effective! </small><small><span class="battle-nickname" title="Hippowdon">Hippowdon</span> lost 30% of its health!</small><br></div><div><small>The opposing <span class="battle-nickname-foe" title="Whiscash">Whiscash</span> lost some of its HP!</small></div><div class="spacer"></div><div><span class="battle-nickname" title="Hippowdon">Hippowdon</span> fainted!</div><div><small>The sandstorm is raging.</small></div><div class="spacer"></div><div><small>The opposing <span class="battle-nickname-foe" title="Whiscash">Whiscash</span> was hurt by poison!</small></div><div class="spacer"></div><div>Go! Trevenant!</div><h2>Turn 5</h2><div class="spacer"></div><div>The opposing <span class="battle-nickname-foe" title="Whiscash">Whiscash</span> used <strong>Earthquake</strong>!</div><div><small>It's not very effective... </small><small><span class="battle-nickname" title="Trevenant">Trevenant</span> lost 31% of its health!</small><br></div><div><small>The opposing <span class="battle-nickname-foe" title="Whiscash">Whiscash</span> lost some of its HP!</small></div><div class="spacer"></div><div>The opposing <span class="battle-nickname-foe" title="Whiscash">Whiscash</span> fainted!</div><div class="spacer"></div><div><span class="battle-nickname" title="Trevenant">Trevenant</span> used <strong>Substitute</strong>!</div><div><small><span class="battle-nickname" title="Trevenant">Trevenant</span> put in a substitute!</small></div><div><small><span class="battle-nickname" title="Trevenant">Trevenant</span> lost 25% of its health!</small><br></div><div class="spacer"></div><div><small>The sandstorm subsided.</small></div><div><small><span class="battle-nickname" title="Trevenant">Trevenant</span> restored a little HP using its Leftovers!</small></div><div class="spacer"></div><div>Demonpablino sent out Magmortar!</div><h2>Turn 6</h2><div class="spacer"></div><div>The opposing <span class="battle-nickname-foe" title="Magmortar">Magmortar</span> used <strong>Fire Blast</strong>!</div><div><small><span class="battle-nickname" title="Trevenant">Trevenant</span> avoided the attack!</small></div><div class="spacer"></div><div><span class="battle-nickname" title="Trevenant">Trevenant</span> used <strong>Leech Seed</strong>!</div><div><small>The opposing <span class="battle-nickname-foe" title="Magmortar">Magmortar</span> was seeded!</small></div><div class="spacer"></div><div><small><span class="battle-nickname" title="Trevenant">Trevenant</span> restored a little HP using its Leftovers!</small></div><div><small>The opposing <span class="battle-nickname-foe" title="Magmortar">Magmortar</span>'s health is sapped by Leech Seed!</small></div><h2>Turn 7</h2><div class="spacer"></div><div>The opposing <span class="battle-nickname-foe" title="Magmortar">Magmortar</span> used <strong>Fire Blast</strong>!</div><div><small><span class="battle-nickname" title="Trevenant">Trevenant</span> avoided the attack!</small></div><div class="spacer"></div><div><span class="battle-nickname" title="Trevenant">Trevenant</span> used <strong>Phantom Force</strong>!</div><div><small><span class="battle-nickname" title="Trevenant">Trevenant</span> vanished instantly!</small></div><div class="spacer"></div><div><small>The opposing <span class="battle-nickname-foe" title="Magmortar">Magmortar</span> restored a little HP using its Leftovers!</small></div><div><small><span class="battle-nickname" title="Trevenant">Trevenant</span> restored a little HP using its Leftovers!</small></div><div><small>The opposing <span class="battle-nickname-foe" title="Magmortar">Magmortar</span>'s health is sapped by Leech Seed!</small></div><h2>Turn 8</h2><div class="spacer"></div><div>The opposing <span class="battle-nickname-foe" title="Magmortar">Magmortar</span> used <strong>Fire Blast</strong>!</div><div><small><span class="battle-nickname" title="Trevenant">Trevenant</span> avoided the attack!</small></div><div class="spacer"></div><div><span class="battle-nickname" title="Trevenant">Trevenant</span> used <strong>Phantom Force</strong>!</div><div><small>The opposing <span class="battle-nickname-foe" title="Magmortar">Magmortar</span> lost 47% of its health!</small><br></div><div class="spacer"></div><div><small>The opposing <span class="battle-nickname-foe" title="Magmortar">Magmortar</span> restored a little HP using its Leftovers!</small></div><div><small><span class="battle-nickname" title="Trevenant">Trevenant</span> restored a little HP using its Leftovers!</small></div><div><small>The opposing <span class="battle-nickname-foe" title="Magmortar">Magmortar</span>'s health is sapped by Leech Seed!</small></div><h2>Turn 9</h2><div class="spacer"></div><div>The opposing <span class="battle-nickname-foe" title="Magmortar">Magmortar</span> used <strong>Fire Blast</strong>!</div><div><small><span class="battle-nickname" title="Trevenant">Trevenant</span> avoided the attack!</small></div><div class="spacer"></div><div><span class="battle-nickname" title="Trevenant">Trevenant</span> used <strong>Phantom Force</strong>!</div><div><small><span class="battle-nickname" title="Trevenant">Trevenant</span> vanished instantly!</small></div><div class="spacer"></div><div><small>The opposing <span class="battle-nickname-foe" title="Magmortar">Magmortar</span> restored a little HP using its Leftovers!</small></div><div><small>The opposing <span class="battle-nickname-foe" title="Magmortar">Magmortar</span>'s health is sapped by Leech Seed!</small></div><h2>Turn 10</h2><div class="spacer"></div><div>The opposing <span class="battle-nickname-foe" title="Magmortar">Magmortar</span> used <strong>Fire Blast</strong>!</div><div><small><span class="battle-nickname" title="Trevenant">Trevenant</span> avoided the attack!</small></div><div class="spacer"></div><div><span class="battle-nickname" title="Trevenant">Trevenant</span> used <strong>Phantom Force</strong>!</div><div><small>A critical hit! </small><small>The opposing <span class="battle-nickname-foe" title="Magmortar">Magmortar</span> lost 22% of its health!</small><br></div><div class="spacer"></div><div>The opposing <span class="battle-nickname-foe" title="Magmortar">Magmortar</span> fainted!</div><div class="spacer"></div><div>Demonpablino sent out Tangrowth!</div><h2>Turn 11</h2><div class="spacer"></div><div><span class="battle-nickname" title="Trevenant">Trevenant</span> used <strong>Will-O-Wisp</strong>!</div><div><small>The opposing <span class="battle-nickname-foe" title="Tangrowth">Tangrowth</span> was burned!</small></div><div class="spacer"></div><div>The opposing <span class="battle-nickname-foe" title="Tangrowth">Tangrowth</span> used <strong>Knock Off</strong>!</div><div><small>It's super effective! <span class="battle-nickname" title="Trevenant">Trevenant</span>'s substitute faded!</small></div><div class="spacer"></div><div><small>The opposing <span class="battle-nickname-foe" title="Tangrowth">Tangrowth</span> was hurt by its burn!</small></div><h2>Turn 12</h2><div class="spacer"></div><div><span class="battle-nickname" title="Trevenant">Trevenant</span>, come back!</div><div class="spacer"></div><div>Go! Salamence!</div><div><small>[<span class="battle-nickname" title="Salamence">Salamence</span>'s Intimidate!]</small></div><div><small>The opposing <span class="battle-nickname-foe" title="Tangrowth">Tangrowth</span>'s Attack fell! </small></div><div class="spacer"></div><div>The opposing <span class="battle-nickname-foe" title="Tangrowth">Tangrowth</span> used <strong>Knock Off</strong>!</div><div><small><span class="battle-nickname" title="Salamence">Salamence</span> lost 6% of its health!</small><br></div><div class="spacer"></div><div><small>The opposing <span class="battle-nickname-foe" title="Tangrowth">Tangrowth</span> restored a little HP using its Leftovers!</small></div><div><small>The opposing <span class="battle-nickname-foe" title="Tangrowth">Tangrowth</span> was hurt by its burn!</small></div><h2>Turn 13</h2><div class="spacer"></div><div><small><span class="battle-nickname" title="Salamence-Mega">Salamence</span>'s Salamencite is reacting to QueenFluffyFlaaffy's Mega Bracelet!<br><span class="battle-nickname" title="Salamence-Mega">Salamence</span> has Mega Evolved into Mega Salamence!</small></div><div class="spacer"></div><div><span class="battle-nickname" title="Salamence-Mega">Salamence</span> used <strong>Double-Edge</strong>!</div><div><small>It's super effective! </small><small>The opposing <span class="battle-nickname-foe" title="Tangrowth">Tangrowth</span> lost 94% of its health!</small><br></div><div><small><span class="battle-nickname" title="Salamence-Mega">Salamence</span> is damaged by the recoil!</small></div><div class="spacer"></div><div>The opposing <span class="battle-nickname-foe" title="Tangrowth">Tangrowth</span> fainted!</div><div class="spacer"></div><div>Demonpablino sent out Magearna!</div><h2>Turn 14</h2><div class="spacer"></div><div><span class="battle-nickname" title="Salamence-Mega">Salamence</span> used <strong>Earthquake</strong>!</div><div><small>It's super effective! </small><small>The opposing <span class="battle-nickname-foe" title="Magearna">Magearna</span> lost 53% of its health!</small><br></div><div class="spacer"></div><div>The opposing <span class="battle-nickname-foe" title="Magearna">Magearna</span> used <strong>Ice Beam</strong>!</div><div><small>It's super effective! </small><small><span class="battle-nickname" title="Salamence-Mega">Salamence</span> lost 62% of its health!</small><br></div><div class="spacer"></div><div><span class="battle-nickname" title="Salamence-Mega">Salamence</span> fainted!</div><div><small>[Opposing <span class="battle-nickname-foe" title="Magearna">Magearna</span>'s Soul-Heart!]</small></div><div><small>The opposing <span class="battle-nickname-foe" title="Magearna">Magearna</span>'s Special Attack rose! </small></div><div class="spacer"></div><div><small>The opposing <span class="battle-nickname-foe" title="Magearna">Magearna</span> restored a little HP using its Leftovers!</small></div><div class="spacer"></div><div>Go! Electivire!</div><h2>Turn 15</h2><div class="spacer"></div><div><span class="battle-nickname" title="Electivire">Electivire</span> used <strong>Earthquake</strong>!</div><div><small>It's super effective! </small><small>The opposing <span class="battle-nickname-foe" title="Magearna">Magearna</span> lost 53% of its health!</small><br></div><div class="spacer"></div><div>The opposing <span class="battle-nickname-foe" title="Magearna">Magearna</span> fainted!</div><div class="spacer"></div><div>Demonpablino sent out Mamoswine!</div><h2>Turn 16</h2><div class="spacer"></div><div><span class="battle-nickname" title="Electivire">Electivire</span>, come back!</div><div class="spacer"></div><div>Go! Trevenant!</div><div class="spacer"></div><div>The opposing <span class="battle-nickname-foe" title="Mamoswine">Mamoswine</span> used <strong>Superpower</strong>!</div><div><small>It doesn't affect <span class="battle-nickname" title="Trevenant">Trevenant</span>... </small></div><h2>Turn 17</h2><div class="spacer"></div><div>The opposing <span class="battle-nickname-foe" title="Mamoswine">Mamoswine</span> used <strong>Icicle Crash</strong>!</div><div><small>It's super effective! </small><small><span class="battle-nickname" title="Trevenant">Trevenant</span> lost 100% of its health!</small><br></div><div><small>The opposing <span class="battle-nickname-foe" title="Mamoswine">Mamoswine</span> lost some of its HP!</small></div><div class="spacer"></div><div><span class="battle-nickname" title="Trevenant">Trevenant</span> fainted!</div><div class="spacer"></div><div>Go! Electivire!</div><h2>Turn 18</h2><div class="spacer"></div><div><span class="battle-nickname" title="Electivire">Electivire</span> used <strong>Cross Chop</strong>!</div><div><small>The opposing <span class="battle-nickname-foe" title="Mamoswine">Mamoswine</span> avoided the attack!</small></div><div class="spacer"></div><div>The opposing <span class="battle-nickname-foe" title="Mamoswine">Mamoswine</span> used <strong>Knock Off</strong>!</div><div><small><span class="battle-nickname" title="Electivire">Electivire</span> lost 46% of its health!</small><br></div><div><small>The opposing <span class="battle-nickname-foe" title="Mamoswine">Mamoswine</span> knocked off <span class="battle-nickname" title="Electivire">Electivire</span>'s Expert Belt!</small></div><div><small>The opposing <span class="battle-nickname-foe" title="Mamoswine">Mamoswine</span> lost some of its HP!</small></div><h2>Turn 19</h2><div class="spacer"></div><div><span class="battle-nickname" title="Electivire">Electivire</span> used <strong>Cross Chop</strong>!</div><div><small>The opposing <span class="battle-nickname-foe" title="Mamoswine">Mamoswine</span> avoided the attack!</small></div><div class="spacer"></div><div>The opposing <span class="battle-nickname-foe" title="Mamoswine">Mamoswine</span> used <strong>Superpower</strong>!</div><div><small><span class="battle-nickname" title="Electivire">Electivire</span> lost 54% of its health!</small><br></div><div><small>The opposing <span class="battle-nickname-foe" title="Mamoswine">Mamoswine</span>'s Attack fell! The opposing <span class="battle-nickname-foe" title="Mamoswine">Mamoswine</span>'s Defense fell! </small></div><div><small>The opposing <span class="battle-nickname-foe" title="Mamoswine">Mamoswine</span> lost some of its HP!</small></div><div class="spacer"></div><div><span class="battle-nickname" title="Electivire">Electivire</span> fainted!</div><div class="spacer"></div><div>Go! Druddigon!</div><div><small>[<span class="battle-nickname" title="Druddigon">Druddigon</span>'s Mold Breaker!]</small></div><div><small><span class="battle-nickname" title="Druddigon">Druddigon</span> breaks the mold!</small></div><h2>Turn 20</h2><div class="spacer"></div><div>Demonpablino withdrew Mamoswine!</div><div class="spacer"></div><div>Demonpablino sent out Furfrou!</div><div class="spacer"></div><div><span class="battle-nickname" title="Druddigon">Druddigon</span> used <strong>Dragon Tail</strong>!</div><div><small>The opposing <span class="battle-nickname-foe" title="Furfrou">Furfrou</span> lost 35% of its health!</small><br></div><div class="spacer"></div><div>Mamoswine was dragged out!</div><h2>Turn 21</h2><div class="spacer"></div><div>The opposing <span class="battle-nickname-foe" title="Mamoswine">Mamoswine</span> used <strong>Icicle Crash</strong>!</div><div><small>It's super effective! </small><small><span class="battle-nickname" title="Druddigon">Druddigon</span> lost 100% of its health!</small><br></div><div><small>The opposing <span class="battle-nickname-foe" title="Mamoswine">Mamoswine</span> lost some of its HP!</small></div><div class="spacer"></div><div><span class="battle-nickname" title="Druddigon">Druddigon</span> fainted!</div><div class="spacer"></div><div>Go! Vespiquen!</div><div><small>[<span class="battle-nickname" title="Vespiquen">Vespiquen</span>'s Pressure!]</small></div><div><small><span class="battle-nickname" title="Vespiquen">Vespiquen</span> is exerting its pressure!</small></div><h2>Turn 22</h2><div class="spacer"></div><div>The opposing <span class="battle-nickname-foe" title="Mamoswine">Mamoswine</span> used <strong>Icicle Crash</strong>!</div><div><small>It's super effective! </small><small><span class="battle-nickname" title="Vespiquen">Vespiquen</span> lost 100% of its health!</small><br></div><div><small>The opposing <span class="battle-nickname-foe" title="Mamoswine">Mamoswine</span> lost some of its HP!</small></div><div class="spacer"></div><div><span class="battle-nickname" title="Vespiquen">Vespiquen</span> fainted!</div><div class="spacer"></div><div>Demonpablino won the battle!</div><div class="chat"><small>QueenFluffyFlaaffy left.</small></div><div class="chat">QueenFluffyFlaaffy's rating: 1339 → <strong>1316</strong><br>(-23 for losing)</div><div class="chat">Demonpablino's rating: 1290 → <strong>1318</strong><br>(+28 for winning)</div></div></div>
</div>
<script>
var daily = Math.floor(Date.now()/1000/60/60/24);document.write('<script src="https://play.pokemonshowdown.com/js/replay-embed.js?version'+daily+'"></'+'script>');
</script>
