<!DOCTYPE html>
<meta charset="utf-8" />
<!-- version 1 -->
<title>[Gen 7] Random Battle replay: kbza30 vs. patricio96</title>
<style>
html,body {font-family:Verdana, sans-serif;font-size:10pt;margin:0;padding:0;}body{padding:12px 0;} .battle-log {font-family:Verdana, sans-serif;font-size:10pt;} .battle-log-inline {border:1px solid #AAAAAA;background:#EEF2F5;color:black;max-width:640px;margin:0 auto 80px;padding-bottom:5px;} .battle-log .inner {padding:4px 8px 0px 8px;} .battle-log .inner-preempt {padding:0 8px 4px 8px;} .battle-log .inner-after {margin-top:0.5em;} .battle-log h2 {margin:0.5em -8px;padding:4px 8px;border:1px solid #AAAAAA;background:#E0E7EA;border-left:0;border-right:0;font-family:Verdana, sans-serif;font-size:13pt;} .battle-log .chat {vertical-align:middle;padding:3px 0 3px 0;font-size:8pt;} .battle-log .chat strong {color:#40576A;} .battle-log .chat em {padding:1px 4px 1px 3px;color:#000000;font-style:normal;} .chat.mine {background:rgba(0,0,0,0.05);margin-left:-8px;margin-right:-8px;padding-left:8px;padding-right:8px;} .spoiler {color:#BBBBBB;background:#BBBBBB;padding:0px 3px;} .spoiler:hover, .spoiler:active, .spoiler-shown {color:#000000;background:#E2E2E2;padding:0px 3px;} .spoiler a {color:#BBBBBB;} .spoiler:hover a, .spoiler:active a, .spoiler-shown a {color:#2288CC;} .chat code, .chat .spoiler:hover code, .chat .spoiler:active code, .chat .spoiler-shown code {border:1px solid #C0C0C0;background:#EEEEEE;color:black;padding:0 2px;} .chat .spoiler code {border:1px solid #CCCCCC;background:#CCCCCC;color:#CCCCCC;} .battle-log .rated {padding:3px 4px;} .battle-log .rated strong {color:white;background:#89A;padding:1px 4px;border-radius:4px;} .spacer {margin-top:0.5em;} .message-announce {background:#6688AA;color:white;padding:1px 4px 2px;} .message-announce a, .broadcast-green a, .broadcast-blue a, .broadcast-red a {color:#DDEEFF;} .broadcast-green {background-color:#559955;color:white;padding:2px 4px;} .broadcast-blue {background-color:#6688AA;color:white;padding:2px 4px;} .infobox {border:1px solid #6688AA;padding:2px 4px;} .infobox-limited {max-height:200px;overflow:auto;overflow-x:hidden;} .broadcast-red {background-color:#AA5544;color:white;padding:2px 4px;} .message-learn-canlearn {font-weight:bold;color:#228822;text-decoration:underline;} .message-learn-cannotlearn {font-weight:bold;color:#CC2222;text-decoration:underline;} .message-effect-weak {font-weight:bold;color:#CC2222;} .message-effect-resist {font-weight:bold;color:#6688AA;} .message-effect-immune {font-weight:bold;color:#666666;} .message-learn-list {margin-top:0;margin-bottom:0;} .message-throttle-notice, .message-error {color:#992222;} .message-overflow, .chat small.message-overflow {font-size:0pt;} .message-overflow::before {font-size:9pt;content:'...';} .subtle {color:#3A4A66;}
</style>
<div class="wrapper replay-wrapper" style="max-width:1180px;margin:0 auto">
<input type="hidden" name="replayid" value="gen7randombattle-566972145" />
<div class="battle"></div><div class="battle-log"></div><div class="replay-controls"></div><div class="replay-controls-2"></div>
<h1 style="font-weight:normal;text-align:center"><strong>[Gen 7] Random Battle</strong><br /><a href="http://pokemonshowdown.com/users/kbza30" class="subtle" target="_blank">kbza30</a> vs. <a href="http://pokemonshowdown.com/users/patricio96" class="subtle" target="_blank">patricio96</a></h1>
<script type="text/plain" class="battle-log-data">|j|kbza30
|j|patricio96
|player|p1|kbza30|165
|player|p2|patricio96|101
|gametype|singles
|gen|7
|tier|[Gen 7] Random Battle
|rated
|seed|13290,57233,9883,21012,19950,11375,25985,40002,34341,45151,43679,55309
|rule|Sleep Clause Mod: Limit one foe put to sleep
|rule|HP Percentage Mod: HP is shown in percentages
|
|start
|switch|p1a: Mudsdale|Mudsdale, L79, F|100\/100
|switch|p2a: Regice|Regice, L79|100\/100
|turn|1
|choice|move closecombat|switch 4
|
|switch|p2a: Masquerain|Masquerain, L79, F|100\/100
|-ability|p2a: Masquerain|Intimidate|boost
|-unboost|p1a: Mudsdale|atk|1
|move|p1a: Mudsdale|Close Combat|p2a: Masquerain
|-resisted|p2a: Masquerain
|-damage|p2a: Masquerain|87\/100
|-unboost|p1a: Mudsdale|def|1
|-unboost|p1a: Mudsdale|spd|1
|
|-heal|p2a: Masquerain|93\/100|[from] item: Leftovers
|upkeep
|turn|2
|choice|switch 2|move stickyweb
|
|switch|p1a: Castform|Castform, L79, F|100\/100
|move|p2a: Masquerain|Sticky Web|p1a: Castform
|-sidestart|p1: kbza30|move: Sticky Web
|
|-heal|p2a: Masquerain|99\/100|[from] item: Leftovers
|upkeep
|turn|3
|choice|move hurricane|move quiverdance
|
|move|p2a: Masquerain|Quiver Dance|p2a: Masquerain
|-boost|p2a: Masquerain|spa|1
|-boost|p2a: Masquerain|spd|1
|-boost|p2a: Masquerain|spe|1
|move|p1a: Castform|Hurricane|p2a: Masquerain
|-supereffective|p2a: Masquerain
|-damage|p2a: Masquerain|61\/100
|
|-heal|p2a: Masquerain|67\/100|[from] item: Leftovers
|upkeep
|turn|4
|choice|move raindance|move bugbuzz
|
|move|p2a: Masquerain|Bug Buzz|p1a: Castform
|-damage|p1a: Castform|34\/100
|move|p1a: Castform|Rain Dance|p1a: Castform
|-weather|RainDance
|-formechange|p1a: Castform|Castform-Rainy|[msg]|[from] ability: Forecast
|
|-weather|RainDance|[upkeep]
|-heal|p2a: Masquerain|73\/100|[from] item: Leftovers
|upkeep
|turn|5
|choice|move thunder|move bugbuzz
|
|move|p2a: Masquerain|Bug Buzz|p1a: Castform
|-damage|p1a: Castform|0 fnt
|faint|p1a: Castform
|
|-weather|RainDance|[upkeep]
|-heal|p2a: Masquerain|79\/100|[from] item: Leftovers
|upkeep
|choice|switch 3|
|
|switch|p1a: Garchomp|Garchomp, L75, M|100\/100
|-activate|p1a: Garchomp|move: Sticky Web
|-unboost|p1a: Garchomp|spe|1
|turn|6
|-message|kbza30 forfeited.
|
|win|patricio96
|l|kbza30</script>
</div>
<div class="battle-log battle-log-inline"><div class="inner"><div class="chat"><small>kbza30 joined.</small></div><div class="chat"><small>patricio96 joined.</small></div><div style="padding:5px 0"><small>Format:</small> <br><strong>[Gen 7] Random Battle</strong></div><div class="rated"><strong>Rated battle</strong></div><div><small><em>Sleep Clause Mod:</em> Limit one foe put to sleep</small></div><div><small><em>HP Percentage Mod:</em> HP is shown in percentages</small></div><div>Battle between kbza30 and patricio96 started!</div><div class="spacer"></div><div>Go! Mudsdale!</div><div class="spacer"></div><div>patricio96 sent out Regice!</div><h2>Turn 1</h2><div class="spacer"></div><div>patricio96 withdrew Regice!</div><div class="spacer"></div><div>patricio96 sent out Masquerain!</div><div><small>[Opposing <span class="battle-nickname-foe" title="Masquerain">Masquerain</span>'s Intimidate!]</small></div><div><small><span class="battle-nickname" title="Mudsdale">Mudsdale</span>'s Attack fell! </small></div><div class="spacer"></div><div><span class="battle-nickname" title="Mudsdale">Mudsdale</span> used <strong>Close Combat</strong>!</div><div><small>It's not very effective... </small><small>The opposing <span class="battle-nickname-foe" title="Masquerain">Masquerain</span> lost 13% of its health!</small><br></div><div><small><span class="battle-nickname" title="Mudsdale">Mudsdale</span>'s Defense fell! <span class="battle-nickname" title="Mudsdale">Mudsdale</span>'s Special Defense fell! </small></div><div class="spacer"></div><div><small>The opposing <span class="battle-nickname-foe" title="Masquerain">Masquerain</span> restored a little HP using its Leftovers!</small></div><h2>Turn 2</h2><div class="spacer"></div><div><span class="battle-nickname" title="Mudsdale">Mudsdale</span>, come back!</div><div class="spacer"></div><div>Go! Castform!</div><div class="spacer"></div><div>The opposing <span class="battle-nickname-foe" title="Masquerain">Masquerain</span> used <strong>Sticky Web</strong>!</div><div><small>A sticky web spreads out on the ground around your team!</small></div><div class="spacer"></div><div><small>The opposing <span class="battle-nickname-foe" title="Masquerain">Masquerain</span> restored a little HP using its Leftovers!</small></div><h2>Turn 3</h2><div class="spacer"></div><div>The opposing <span class="battle-nickname-foe" title="Masquerain">Masquerain</span> used <strong>Quiver Dance</strong>!</div><div><small>The opposing <span class="battle-nickname-foe" title="Masquerain">Masquerain</span>'s Special Attack rose! The opposing <span class="battle-nickname-foe" title="Masquerain">Masquerain</span>'s Special Defense rose! The opposing <span class="battle-nickname-foe" title="Masquerain">Masquerain</span>'s Speed rose! </small></div><div class="spacer"></div><div><span class="battle-nickname" title="Castform">Castform</span> used <strong>Hurricane</strong>!</div><div><small>It's super effective! </small><small>The opposing <span class="battle-nickname-foe" title="Masquerain">Masquerain</span> lost 38% of its health!</small><br></div><div class="spacer"></div><div><small>The opposing <span class="battle-nickname-foe" title="Masquerain">Masquerain</span> restored a little HP using its Leftovers!</small></div><h2>Turn 4</h2><div class="spacer"></div><div>The opposing <span class="battle-nickname-foe" title="Masquerain">Masquerain</span> used <strong>Bug Buzz</strong>!</div><div><small><span class="battle-nickname" title="Castform">Castform</span> lost 66% of its health!</small><br></div><div class="spacer"></div><div><span class="battle-nickname" title="Castform">Castform</span> used <strong>Rain Dance</strong>!</div><div><small>It started to rain!</small></div><div><small>[<span class="battle-nickname" title="Castform">Castform</span>'s Forecast!]</small></div><div><small><span class="battle-nickname" title="Castform">Castform</span> transformed!</small></div><div class="spacer"></div><div><small>The opposing <span class="battle-nickname-foe" title="Masquerain">Masquerain</span> restored a little HP using its Leftovers!</small></div><h2>Turn 5</h2><div class="spacer"></div><div>The opposing <span class="battle-nickname-foe" title="Masquerain">Masquerain</span> used <strong>Bug Buzz</strong>!</div><div><small><span class="battle-nickname" title="Castform">Castform</span> lost 34% of its health!</small><br></div><div class="spacer"></div><div><span class="battle-nickname" title="Castform">Castform</span> fainted!</div><div class="spacer"></div><div><small>The opposing <span class="battle-nickname-foe" title="Masquerain">Masquerain</span> restored a little HP using its Leftovers!</small></div><div class="spacer"></div><div>Go! Garchomp!</div><div><small><span class="battle-nickname" title="Garchomp">Garchomp</span> was caught in a sticky web!</small></div><div><small><span class="battle-nickname" title="Garchomp">Garchomp</span>'s Speed fell! </small></div><h2>Turn 6</h2><div class="spacer"></div><div><small>kbza30 forfeited.</small></div><div class="spacer"></div><div>patricio96 won the battle!</div><div class="chat"><small>kbza30 left.</small></div></div></div>
</div>
<script>
var daily = Math.floor(Date.now()/1000/60/60/24);document.write('<script src="https://play.pokemonshowdown.com/js/replay-embed.js?version'+daily+'"></'+'script>');
</script>
