<!DOCTYPE html>
<meta charset="utf-8" />
<!-- version 1 -->
<title>[Gen 7] Random Battle replay: NickG vs. Everything Ken</title>
<style>
html,body {font-family:Verdana, sans-serif;font-size:10pt;margin:0;padding:0;}body{padding:12px 0;} .battle-log {font-family:Verdana, sans-serif;font-size:10pt;} .battle-log-inline {border:1px solid #AAAAAA;background:#EEF2F5;color:black;max-width:640px;margin:0 auto 80px;padding-bottom:5px;} .battle-log .inner {padding:4px 8px 0px 8px;} .battle-log .inner-preempt {padding:0 8px 4px 8px;} .battle-log .inner-after {margin-top:0.5em;} .battle-log h2 {margin:0.5em -8px;padding:4px 8px;border:1px solid #AAAAAA;background:#E0E7EA;border-left:0;border-right:0;font-family:Verdana, sans-serif;font-size:13pt;} .battle-log .chat {vertical-align:middle;padding:3px 0 3px 0;font-size:8pt;} .battle-log .chat strong {color:#40576A;} .battle-log .chat em {padding:1px 4px 1px 3px;color:#000000;font-style:normal;} .chat.mine {background:rgba(0,0,0,0.05);margin-left:-8px;margin-right:-8px;padding-left:8px;padding-right:8px;} .spoiler {color:#BBBBBB;background:#BBBBBB;padding:0px 3px;} .spoiler:hover, .spoiler:active, .spoiler-shown {color:#000000;background:#E2E2E2;padding:0px 3px;} .spoiler a {color:#BBBBBB;} .spoiler:hover a, .spoiler:active a, .spoiler-shown a {color:#2288CC;} .chat code, .chat .spoiler:hover code, .chat .spoiler:active code, .chat .spoiler-shown code {border:1px solid #C0C0C0;background:#EEEEEE;color:black;padding:0 2px;} .chat .spoiler code {border:1px solid #CCCCCC;background:#CCCCCC;color:#CCCCCC;} .battle-log .rated {padding:3px 4px;} .battle-log .rated strong {color:white;background:#89A;padding:1px 4px;border-radius:4px;} .spacer {margin-top:0.5em;} .message-announce {background:#6688AA;color:white;padding:1px 4px 2px;} .message-announce a, .broadcast-green a, .broadcast-blue a, .broadcast-red a {color:#DDEEFF;} .broadcast-green {background-color:#559955;color:white;padding:2px 4px;} .broadcast-blue {background-color:#6688AA;color:white;padding:2px 4px;} .infobox {border:1px solid #6688AA;padding:2px 4px;} .infobox-limited {max-height:200px;overflow:auto;overflow-x:hidden;} .broadcast-red {background-color:#AA5544;color:white;padding:2px 4px;} .message-learn-canlearn {font-weight:bold;color:#228822;text-decoration:underline;} .message-learn-cannotlearn {font-weight:bold;color:#CC2222;text-decoration:underline;} .message-effect-weak {font-weight:bold;color:#CC2222;} .message-effect-resist {font-weight:bold;color:#6688AA;} .message-effect-immune {font-weight:bold;color:#666666;} .message-learn-list {margin-top:0;margin-bottom:0;} .message-throttle-notice, .message-error {color:#992222;} .message-overflow, .chat small.message-overflow {font-size:0pt;} .message-overflow::before {font-size:9pt;content:'...';} .subtle {color:#3A4A66;}
</style>
<div class="wrapper replay-wrapper" style="max-width:1180px;margin:0 auto">
<input type="hidden" name="replayid" value="gen7randombattle-566914339" />
<div class="battle"></div><div class="battle-log"></div><div class="replay-controls"></div><div class="replay-controls-2"></div>
<h1 style="font-weight:normal;text-align:center"><strong>[Gen 7] Random Battle</strong><br /><a href="http://pokemonshowdown.com/users/nickg" class="subtle" target="_blank">NickG</a> vs. <a href="http://pokemonshowdown.com/users/everythingken" class="subtle" target="_blank">Everything Ken</a></h1>
<script type="text/plain" class="battle-log-data">|j|NickG
|j|Everything Ken
|player|p1|NickG|2
|player|p2|Everything Ken|58
|gametype|singles
|gen|7
|tier|[Gen 7] Random Battle
|rated
|seed|1809,59228,11298,9051,58316,6990,45440,9412,43715,54444,1109,59009
|rule|Sleep Clause Mod: Limit one foe put to sleep
|rule|HP Percentage Mod: HP is shown in percentages
|
|start
|switch|p1a: Tapu Bulu|Tapu Bulu, L75|100\/100
|switch|p2a: Wobbuffet|Wobbuffet, L76, M|100\/100
|-fieldstart|move: Grassy Terrain|[from] ability: Grassy Surge|[of] p1a: Tapu Bulu
|turn|1
|c|☆Everything Ken|gl; hf
|choice|move hornleech|move counter
|
|move|p1a: Tapu Bulu|Horn Leech|p2a: Wobbuffet
|-damage|p2a: Wobbuffet|43\/100
|-damage|p1a: Tapu Bulu|91\/100|[from] item: Life Orb
|move|p2a: Wobbuffet|Counter|p1a: Tapu Bulu
|-damage|p1a: Tapu Bulu|0 fnt
|faint|p1a: Tapu Bulu
|
|-heal|p2a: Wobbuffet|49\/100|[from] Grassy Terrain
|upkeep
|inactive|Battle timer is ON: inactive players will automatically lose when time's up. (requested by Everything Ken)
|-message|NickG lost due to inactivity.
|
|win|Everything Ken</script>
</div>
<div class="battle-log battle-log-inline"><div class="inner"><div class="chat"><small>NickG joined.</small></div><div class="chat"><small>Everything Ken joined.</small></div><div style="padding:5px 0"><small>Format:</small> <br><strong>[Gen 7] Random Battle</strong></div><div class="rated"><strong>Rated battle</strong></div><div><small><em>Sleep Clause Mod:</em> Limit one foe put to sleep</small></div><div><small><em>HP Percentage Mod:</em> HP is shown in percentages</small></div><div>Battle between NickG and Everything Ken started!</div><div class="spacer"></div><div>Go! Tapu Bulu!</div><div class="spacer"></div><div>Everything Ken sent out Wobbuffet!</div><div><small>[<span class="battle-nickname" title="Tapu Bulu">Tapu Bulu</span>'s Grassy Surge!]</small></div><div><small>Grass grew to cover the battlefield!</small></div><h2>Turn 1</h2><div class="chat chatmessage-everythingken"><strong style="color:hsl(287,45.8610086%,47.1389914%);"><small>☆</small><span class="username" data-name="Everything Ken">Everything Ken</span>:</strong> <em>gl; hf</em></div><div class="spacer"></div><div><span class="battle-nickname" title="Tapu Bulu">Tapu Bulu</span> used <strong>Horn Leech</strong>!</div><div><small>The opposing <span class="battle-nickname-foe" title="Wobbuffet">Wobbuffet</span> lost 57% of its health!</small><br></div><div><small><span class="battle-nickname" title="Tapu Bulu">Tapu Bulu</span> lost some of its HP!</small></div><div class="spacer"></div><div>The opposing <span class="battle-nickname-foe" title="Wobbuffet">Wobbuffet</span> used <strong>Counter</strong>!</div><div><small><span class="battle-nickname" title="Tapu Bulu">Tapu Bulu</span> lost 91% of its health!</small><br></div><div class="spacer"></div><div><span class="battle-nickname" title="Tapu Bulu">Tapu Bulu</span> fainted!</div><div class="spacer"></div><div><small>The opposing <span class="battle-nickname-foe" title="Wobbuffet">Wobbuffet</span> restored HP using its Grassy Terrain!</small></div><div class="chat message-error">Battle timer is ON: inactive players will automatically lose when time's up. (requested by Everything Ken)</div><div><small>NickG lost due to inactivity.</small></div><div class="spacer"></div><div>Everything Ken won the battle!</div></div></div>
</div>
<script>
var daily = Math.floor(Date.now()/1000/60/60/24);document.write('<script src="https://play.pokemonshowdown.com/js/replay-embed.js?version'+daily+'"></'+'script>');
</script>
