<!DOCTYPE html>
<meta charset="utf-8" />
<!-- version 1 -->
<title>[Gen 7] Random Battle replay: romoislit vs. jooony</title>
<style>
html,body {font-family:Verdana, sans-serif;font-size:10pt;margin:0;padding:0;}body{padding:12px 0;} .battle-log {font-family:Verdana, sans-serif;font-size:10pt;} .battle-log-inline {border:1px solid #AAAAAA;background:#EEF2F5;color:black;max-width:640px;margin:0 auto 80px;padding-bottom:5px;} .battle-log .inner {padding:4px 8px 0px 8px;} .battle-log .inner-preempt {padding:0 8px 4px 8px;} .battle-log .inner-after {margin-top:0.5em;} .battle-log h2 {margin:0.5em -8px;padding:4px 8px;border:1px solid #AAAAAA;background:#E0E7EA;border-left:0;border-right:0;font-family:Verdana, sans-serif;font-size:13pt;} .battle-log .chat {vertical-align:middle;padding:3px 0 3px 0;font-size:8pt;} .battle-log .chat strong {color:#40576A;} .battle-log .chat em {padding:1px 4px 1px 3px;color:#000000;font-style:normal;} .chat.mine {background:rgba(0,0,0,0.05);margin-left:-8px;margin-right:-8px;padding-left:8px;padding-right:8px;} .spoiler {color:#BBBBBB;background:#BBBBBB;padding:0px 3px;} .spoiler:hover, .spoiler:active, .spoiler-shown {color:#000000;background:#E2E2E2;padding:0px 3px;} .spoiler a {color:#BBBBBB;} .spoiler:hover a, .spoiler:active a, .spoiler-shown a {color:#2288CC;} .chat code, .chat .spoiler:hover code, .chat .spoiler:active code, .chat .spoiler-shown code {border:1px solid #C0C0C0;background:#EEEEEE;color:black;padding:0 2px;} .chat .spoiler code {border:1px solid #CCCCCC;background:#CCCCCC;color:#CCCCCC;} .battle-log .rated {padding:3px 4px;} .battle-log .rated strong {color:white;background:#89A;padding:1px 4px;border-radius:4px;} .spacer {margin-top:0.5em;} .message-announce {background:#6688AA;color:white;padding:1px 4px 2px;} .message-announce a, .broadcast-green a, .broadcast-blue a, .broadcast-red a {color:#DDEEFF;} .broadcast-green {background-color:#559955;color:white;padding:2px 4px;} .broadcast-blue {background-color:#6688AA;color:white;padding:2px 4px;} .infobox {border:1px solid #6688AA;padding:2px 4px;} .infobox-limited {max-height:200px;overflow:auto;overflow-x:hidden;} .broadcast-red {background-color:#AA5544;color:white;padding:2px 4px;} .message-learn-canlearn {font-weight:bold;color:#228822;text-decoration:underline;} .message-learn-cannotlearn {font-weight:bold;color:#CC2222;text-decoration:underline;} .message-effect-weak {font-weight:bold;color:#CC2222;} .message-effect-resist {font-weight:bold;color:#6688AA;} .message-effect-immune {font-weight:bold;color:#666666;} .message-learn-list {margin-top:0;margin-bottom:0;} .message-throttle-notice, .message-error {color:#992222;} .message-overflow, .chat small.message-overflow {font-size:0pt;} .message-overflow::before {font-size:9pt;content:'...';} .subtle {color:#3A4A66;}
</style>
<div class="wrapper replay-wrapper" style="max-width:1180px;margin:0 auto">
<input type="hidden" name="replayid" value="gen7randombattle-566582936" />
<div class="battle"></div><div class="battle-log"></div><div class="replay-controls"></div><div class="replay-controls-2"></div>
<h1 style="font-weight:normal;text-align:center"><strong>[Gen 7] Random Battle</strong><br /><a href="http://pokemonshowdown.com/users/romoislit" class="subtle" target="_blank">romoislit</a> vs. <a href="http://pokemonshowdown.com/users/jooony" class="subtle" target="_blank">jooony</a></h1>
<script type="text/plain" class="battle-log-data">|j|romoislit
|j|jooony
|player|p1|romoislit|2
|player|p2|jooony|1
|gametype|singles
|gen|7
|tier|[Gen 7] Random Battle
|seed|43884,41474,43532,28827,56955,44519,64466,6595,22231,40992,51623,35072
|rule|Sleep Clause Mod: Limit one foe put to sleep
|rule|HP Percentage Mod: HP is shown in percentages
|
|start
|switch|p1a: Latios|Latios, L75, M|100\/100
|switch|p2a: Sceptile|Sceptile, L75, F|100\/100
|turn|1
|choice|move hiddenpower mega|move outrage
|
|detailschange|p1a: Latios|Latios-Mega, L75, M
|-mega|p1a: Latios|Latios|Latiosite
|move|p2a: Sceptile|Outrage|p1a: Latios
|-supereffective|p1a: Latios
|-damage|p1a: Latios|50\/100
|move|p1a: Latios|Hidden Power|p2a: Sceptile
|-supereffective|p2a: Sceptile
|-crit|p2a: Sceptile
|-damage|p2a: Sceptile|25\/100
|
|upkeep
|turn|2
|choice|move roost|move outrage
|
|move|p2a: Sceptile|Outrage|p1a: Latios|[from]lockedmove
|-supereffective|p1a: Latios
|-damage|p1a: Latios|1\/100
|-start|p2a: Sceptile|confusion|[fatigue]
|move|p1a: Latios|Roost|p1a: Latios
|-heal|p1a: Latios|51\/100
|
|upkeep
|turn|3
|choice|move roost|move gigadrain
|
|-activate|p2a: Sceptile|confusion
|-damage|p2a: Sceptile|13\/100|[from] confusion
|move|p1a: Latios|Roost|p1a: Latios
|-heal|p1a: Latios|100\/100
|
|upkeep
|turn|4
|choice|move hiddenpower|move gigadrain
|
|-activate|p2a: Sceptile|confusion
|-damage|p2a: Sceptile|0 fnt|[from] confusion
|faint|p2a: Sceptile
|move|p1a: Latios|Hidden Power|p2: Sceptile|[notarget]
|-notarget
|
|upkeep
|choice||switch 5
|
|switch|p2a: Spiritomb|Spiritomb, L79, F|100\/100
|turn|5
|choice|move dracometeor|move darkpulse
|
|move|p1a: Latios|Draco Meteor|p2a: Spiritomb
|-damage|p2a: Spiritomb|31\/100
|-unboost|p1a: Latios|spa|2
|move|p2a: Spiritomb|Dark Pulse|p1a: Latios
|-supereffective|p1a: Latios
|-damage|p1a: Latios|27\/100
|-damage|p2a: Spiritomb|22\/100|[from] item: Life Orb
|
|upkeep
|turn|6
|choice|move dracometeor|move darkpulse
|
|move|p1a: Latios|Draco Meteor|p2a: Spiritomb
|-damage|p2a: Spiritomb|0 fnt
|-unboost|p1a: Latios|spa|2
|faint|p2a: Spiritomb
|
|upkeep
|choice||switch 2
|
|switch|p2a: Ninetales|Ninetales, L79, M|100\/100
|-weather|SunnyDay|[from] ability: Drought|[of] p2a: Ninetales
|turn|7
|choice|move dracometeor|move hiddenpower
|
|move|p1a: Latios|Draco Meteor|p2a: Ninetales
|-damage|p2a: Ninetales|77\/100
|-unboost|p1a: Latios|spa|2
|move|p2a: Ninetales|Hidden Power|p1a: Latios
|-supereffective|p1a: Latios
|-damage|p1a: Latios|3\/100
|
|-weather|SunnyDay|[upkeep]
|-heal|p2a: Ninetales|83\/100|[from] item: Leftovers
|upkeep
|turn|8
|choice|move roost|move hiddenpower
|
|move|p1a: Latios|Roost|p1a: Latios
|-heal|p1a: Latios|53\/100
|move|p2a: Ninetales|Hidden Power|p1a: Latios
|-supereffective|p1a: Latios
|-damage|p1a: Latios|27\/100
|
|-weather|SunnyDay|[upkeep]
|-heal|p2a: Ninetales|89\/100|[from] item: Leftovers
|upkeep
|turn|9
|choice|move roost|move hiddenpower
|
|move|p1a: Latios|Roost|p1a: Latios
|-heal|p1a: Latios|77\/100
|move|p2a: Ninetales|Hidden Power|p1a: Latios
|-supereffective|p1a: Latios
|-damage|p1a: Latios|53\/100
|
|-weather|SunnyDay|[upkeep]
|-heal|p2a: Ninetales|96\/100|[from] item: Leftovers
|upkeep
|turn|10
|choice|move defog|move willowisp
|
|move|p1a: Latios|Defog|p2a: Ninetales
|-unboost|p2a: Ninetales|evasion|1
|move|p2a: Ninetales|Will-O-Wisp|p1a: Latios
|-status|p1a: Latios|brn
|
|-weather|SunnyDay|[upkeep]
|-heal|p2a: Ninetales|100\/100|[from] item: Leftovers
|-damage|p1a: Latios|46\/100 brn|[from] brn
|upkeep
|turn|11
|choice|move roost|move nastyplot
|
|move|p1a: Latios|Roost|p1a: Latios
|-heal|p1a: Latios|96\/100 brn
|move|p2a: Ninetales|Nasty Plot|p2a: Ninetales
|-boost|p2a: Ninetales|spa|2
|
|-weather|none
|-damage|p1a: Latios|90\/100 brn|[from] brn
|upkeep
|turn|12
|choice|move dracometeor|move hiddenpower
|
|move|p1a: Latios|Draco Meteor|p2a: Ninetales
|-damage|p2a: Ninetales|83\/100
|move|p2a: Ninetales|Hidden Power|p1a: Latios
|-supereffective|p1a: Latios
|-damage|p1a: Latios|39\/100 brn
|
|-heal|p2a: Ninetales|89\/100|[from] item: Leftovers
|-damage|p1a: Latios|32\/100 brn|[from] brn
|upkeep
|turn|13
|choice|move dracometeor|move hiddenpower
|
|move|p1a: Latios|Draco Meteor|p2a: Ninetales
|-damage|p2a: Ninetales|72\/100
|move|p2a: Ninetales|Hidden Power|p1a: Latios
|-supereffective|p1a: Latios
|-damage|p1a: Latios|0 fnt
|faint|p1a: Latios
|
|-heal|p2a: Ninetales|78\/100|[from] item: Leftovers
|upkeep
|choice|switch 5|
|
|switch|p1a: Primarina|Primarina, L77, F|100\/100
|turn|14
|choice|move scald|switch 4
|
|switch|p2a: Manectric|Manectric, L79, F|100\/100
|move|p1a: Primarina|Scald|p2a: Manectric
|-crit|p2a: Manectric
|-damage|p2a: Manectric|0 fnt
|-damage|p1a: Primarina|90\/100|[from] item: Life Orb
|faint|p2a: Manectric
|
|upkeep
|choice||switch 3
|
|switch|p2a: Kingler|Kingler, L79, F|100\/100
|turn|15
|choice|move scald|move swordsdance
|
|move|p2a: Kingler|Swords Dance|p2a: Kingler
|-boost|p2a: Kingler|atk|2
|move|p1a: Primarina|Scald|p2a: Kingler
|-resisted|p2a: Kingler
|-damage|p2a: Kingler|57\/100
|-status|p2a: Kingler|brn
|-damage|p1a: Primarina|80\/100|[from] item: Life Orb
|
|-damage|p2a: Kingler|51\/100 brn|[from] brn
|upkeep
|turn|16
|choice|move encore|move rockslide
|
|move|p2a: Kingler|Rock Slide|p1a: Primarina
|-damage|p1a: Primarina|34\/100
|move|p1a: Primarina|Encore|p2a: Kingler
|-start|p2a: Kingler|Encore
|
|-damage|p2a: Kingler|45\/100 brn|[from] brn
|upkeep
|turn|17
|choice|move moonblast|move rockslide
|
|move|p2a: Kingler|Rock Slide|p1a: Primarina
|-damage|p1a: Primarina|0 fnt
|faint|p1a: Primarina
|
|-damage|p2a: Kingler|39\/100 brn|[from] brn
|upkeep
|choice|switch 2|
|
|switch|p1a: Rotom|Rotom-Mow, L79|100\/100
|turn|18
|choice|move thunderbolt|move rockslide
|
|move|p1a: Rotom|Thunderbolt|p2a: Kingler
|-supereffective|p2a: Kingler
|-damage|p2a: Kingler|0 fnt
|faint|p2a: Kingler
|
|upkeep
|choice||switch 6
|
|switch|p2a: Garchomp|Garchomp, L75, F|100\/100
|turn|19
|choice|move willowisp|move earthquake
|
|move|p2a: Garchomp|Earthquake|p1a: Rotom
|-immune|p1a: Rotom|[msg]|[from] ability: Levitate
|move|p1a: Rotom|Will-O-Wisp|p2a: Garchomp
|-status|p2a: Garchomp|brn
|-enditem|p2a: Garchomp|Lum Berry|[eat]
|-curestatus|p2a: Garchomp|brn|[msg]
|
|upkeep
|turn|20
|choice|move hiddenpower|move stoneedge
|
|move|p2a: Garchomp|Stone Edge|p1a: Rotom
|-damage|p1a: Rotom|69\/100
|move|p1a: Rotom|Hidden Power|p2a: Garchomp
|-resisted|p2a: Garchomp
|-damage|p2a: Garchomp|93\/100
|
|-heal|p1a: Rotom|75\/100|[from] item: Leftovers
|upkeep
|turn|21
|choice|move willowisp|move swordsdance
|
|move|p2a: Garchomp|Swords Dance|p2a: Garchomp
|-boost|p2a: Garchomp|atk|2
|move|p1a: Rotom|Will-O-Wisp|p2a: Garchomp
|-status|p2a: Garchomp|brn
|
|-heal|p1a: Rotom|81\/100|[from] item: Leftovers
|-damage|p2a: Garchomp|87\/100 brn|[from] brn
|upkeep
|turn|22
|choice|switch 4|move stoneedge
|
|switch|p1a: Hitmontop|Hitmontop, L79, M|100\/100
|move|p2a: Garchomp|Stone Edge|p1a: Hitmontop
|-resisted|p1a: Hitmontop
|-crit|p1a: Hitmontop
|-damage|p1a: Hitmontop|73\/100
|
|-damage|p2a: Garchomp|81\/100 brn|[from] brn
|upkeep
|turn|23
|choice|move closecombat|move earthquake
|
|move|p2a: Garchomp|Earthquake|p1a: Hitmontop
|-damage|p1a: Hitmontop|17\/100
|move|p1a: Hitmontop|Close Combat|p2a: Garchomp
|-damage|p2a: Garchomp|30\/100 brn
|-damage|p1a: Hitmontop|4\/100|[from] ability: Rough Skin|[of] p2a: Garchomp
|-unboost|p1a: Hitmontop|def|1
|-unboost|p1a: Hitmontop|spd|1
|-damage|p1a: Hitmontop|0 fnt|[from] item: Life Orb
|faint|p1a: Hitmontop
|
|-damage|p2a: Garchomp|24\/100 brn|[from] brn
|upkeep
|choice|switch 4|
|
|switch|p1a: Rotom|Rotom-Mow, L79|81\/100
|turn|24
|choice|move hiddenpower|move stoneedge
|
|move|p2a: Garchomp|Stone Edge|p1a: Rotom
|-damage|p1a: Rotom|50\/100
|move|p1a: Rotom|Hidden Power|p2a: Garchomp
|-resisted|p2a: Garchomp
|-damage|p2a: Garchomp|16\/100 brn
|
|-heal|p1a: Rotom|56\/100|[from] item: Leftovers
|-damage|p2a: Garchomp|10\/100 brn|[from] brn
|upkeep
|turn|25
|choice|move hiddenpower|move outrage
|
|move|p2a: Garchomp|Outrage|p1a: Rotom
|-damage|p1a: Rotom|0 fnt
|faint|p1a: Rotom
|
|-damage|p2a: Garchomp|4\/100 brn|[from] brn
|upkeep
|choice|switch 3|
|
|switch|p1a: Sableye|Sableye, L79, F|100\/100
|turn|26
|choice|move foulplay|move outrage
|
|move|p2a: Garchomp|Outrage|p1a: Sableye|[from]lockedmove
|-crit|p1a: Sableye
|-damage|p1a: Sableye|0 fnt
|faint|p1a: Sableye
|
|-damage|p2a: Garchomp|0 fnt|[from] brn
|upkeep
|faint|p2a: Garchomp
|choice|switch 6|switch 4
|
|switch|p2a: Ninetales|Ninetales, L79, M|78\/100
|switch|p1a: Vileplume|Vileplume, L79, F|100\/100
|-weather|SunnyDay|[from] ability: Drought|[of] p2a: Ninetales
|turn|27
|choice|move sleeppowder|move fireblast
|
|move|p2a: Ninetales|Fire Blast|p1a: Vileplume
|-supereffective|p1a: Vileplume
|-crit|p1a: Vileplume
|-damage|p1a: Vileplume|0 fnt
|faint|p1a: Vileplume
|
|win|jooony</script>
</div>
<div class="battle-log battle-log-inline"><div class="inner"><div class="chat"><small>romoislit joined.</small></div><div class="chat"><small>jooony joined.</small></div><div style="padding:5px 0"><small>Format:</small> <br><strong>[Gen 7] Random Battle</strong></div><div><small><em>Sleep Clause Mod:</em> Limit one foe put to sleep</small></div><div><small><em>HP Percentage Mod:</em> HP is shown in percentages</small></div><div>Battle between romoislit and jooony started!</div><div class="spacer"></div><div>Go! Latios!</div><div class="spacer"></div><div>jooony sent out Sceptile!</div><h2>Turn 1</h2><div class="spacer"></div><div><small><span class="battle-nickname" title="Latios-Mega">Latios</span>'s Latiosite is reacting to romoislit's Mega Bracelet!<br><span class="battle-nickname" title="Latios-Mega">Latios</span> has Mega Evolved into Mega Latios!</small></div><div class="spacer"></div><div>The opposing <span class="battle-nickname-foe" title="Sceptile">Sceptile</span> used <strong>Outrage</strong>!</div><div><small>It's super effective! </small><small><span class="battle-nickname" title="Latios-Mega">Latios</span> lost 50% of its health!</small><br></div><div class="spacer"></div><div><span class="battle-nickname" title="Latios-Mega">Latios</span> used <strong>Hidden Power</strong>!</div><div><small>It's super effective! A critical hit! </small><small>The opposing <span class="battle-nickname-foe" title="Sceptile">Sceptile</span> lost 75% of its health!</small><br></div><h2>Turn 2</h2><div class="spacer"></div><div>The opposing <span class="battle-nickname-foe" title="Sceptile">Sceptile</span> used <strong>Outrage</strong>!</div><div><small>It's super effective! </small><small><span class="battle-nickname" title="Latios-Mega">Latios</span> lost 49% of its health!</small><br></div><div><small>The opposing <span class="battle-nickname-foe" title="Sceptile">Sceptile</span> became confused due to fatigue!</small></div><div class="spacer"></div><div><span class="battle-nickname" title="Latios-Mega">Latios</span> used <strong>Roost</strong>!</div><div><small><span class="battle-nickname" title="Latios-Mega">Latios</span> restored its HP.</small></div><h2>Turn 3</h2><div class="spacer"></div><div><small>The opposing <span class="battle-nickname-foe" title="Sceptile">Sceptile</span> is confused!</small></div><div><small>It hurt itself in its confusion! </small></div><div class="spacer"></div><div><span class="battle-nickname" title="Latios-Mega">Latios</span> used <strong>Roost</strong>!</div><div><small><span class="battle-nickname" title="Latios-Mega">Latios</span> restored its HP.</small></div><h2>Turn 4</h2><div class="spacer"></div><div><small>The opposing <span class="battle-nickname-foe" title="Sceptile">Sceptile</span> is confused!</small></div><div><small>It hurt itself in its confusion! </small></div><div class="spacer"></div><div>The opposing <span class="battle-nickname-foe" title="Sceptile">Sceptile</span> fainted!</div><div class="spacer"></div><div><span class="battle-nickname" title="Latios-Mega">Latios</span> used <strong>Hidden Power</strong>!</div><div><small>But it failed!</small></div><div class="spacer"></div><div>jooony sent out Spiritomb!</div><h2>Turn 5</h2><div class="spacer"></div><div><span class="battle-nickname" title="Latios-Mega">Latios</span> used <strong>Draco Meteor</strong>!</div><div><small>The opposing <span class="battle-nickname-foe" title="Spiritomb">Spiritomb</span> lost 69% of its health!</small><br></div><div><small><span class="battle-nickname" title="Latios-Mega">Latios</span>'s Special Attack fell harshly! </small></div><div class="spacer"></div><div>The opposing <span class="battle-nickname-foe" title="Spiritomb">Spiritomb</span> used <strong>Dark Pulse</strong>!</div><div><small>It's super effective! </small><small><span class="battle-nickname" title="Latios-Mega">Latios</span> lost 73% of its health!</small><br></div><div><small>The opposing <span class="battle-nickname-foe" title="Spiritomb">Spiritomb</span> lost some of its HP!</small></div><h2>Turn 6</h2><div class="spacer"></div><div><span class="battle-nickname" title="Latios-Mega">Latios</span> used <strong>Draco Meteor</strong>!</div><div><small>The opposing <span class="battle-nickname-foe" title="Spiritomb">Spiritomb</span> lost 22% of its health!</small><br></div><div><small><span class="battle-nickname" title="Latios-Mega">Latios</span>'s Special Attack fell harshly! </small></div><div class="spacer"></div><div>The opposing <span class="battle-nickname-foe" title="Spiritomb">Spiritomb</span> fainted!</div><div class="spacer"></div><div>jooony sent out Ninetales!</div><div><small>[Opposing <span class="battle-nickname-foe" title="Ninetales">Ninetales</span>'s Drought!]</small></div><div><small>The sunlight turned harsh!</small></div><h2>Turn 7</h2><div class="spacer"></div><div><span class="battle-nickname" title="Latios-Mega">Latios</span> used <strong>Draco Meteor</strong>!</div><div><small>The opposing <span class="battle-nickname-foe" title="Ninetales">Ninetales</span> lost 23% of its health!</small><br></div><div><small><span class="battle-nickname" title="Latios-Mega">Latios</span>'s Special Attack fell harshly! </small></div><div class="spacer"></div><div>The opposing <span class="battle-nickname-foe" title="Ninetales">Ninetales</span> used <strong>Hidden Power</strong>!</div><div><small>It's super effective! </small><small><span class="battle-nickname" title="Latios-Mega">Latios</span> lost 24% of its health!</small><br></div><div class="spacer"></div><div><small>The opposing <span class="battle-nickname-foe" title="Ninetales">Ninetales</span> restored a little HP using its Leftovers!</small></div><h2>Turn 8</h2><div class="spacer"></div><div><span class="battle-nickname" title="Latios-Mega">Latios</span> used <strong>Roost</strong>!</div><div><small><span class="battle-nickname" title="Latios-Mega">Latios</span> restored its HP.</small></div><div class="spacer"></div><div>The opposing <span class="battle-nickname-foe" title="Ninetales">Ninetales</span> used <strong>Hidden Power</strong>!</div><div><small>It's super effective! </small><small><span class="battle-nickname" title="Latios-Mega">Latios</span> lost 26% of its health!</small><br></div><div class="spacer"></div><div><small>The opposing <span class="battle-nickname-foe" title="Ninetales">Ninetales</span> restored a little HP using its Leftovers!</small></div><h2>Turn 9</h2><div class="spacer"></div><div><span class="battle-nickname" title="Latios-Mega">Latios</span> used <strong>Roost</strong>!</div><div><small><span class="battle-nickname" title="Latios-Mega">Latios</span> restored its HP.</small></div><div class="spacer"></div><div>The opposing <span class="battle-nickname-foe" title="Ninetales">Ninetales</span> used <strong>Hidden Power</strong>!</div><div><small>It's super effective! </small><small><span class="battle-nickname" title="Latios-Mega">Latios</span> lost 24% of its health!</small><br></div><div class="spacer"></div><div><small>The opposing <span class="battle-nickname-foe" title="Ninetales">Ninetales</span> restored a little HP using its Leftovers!</small></div><h2>Turn 10</h2><div class="spacer"></div><div><span class="battle-nickname" title="Latios-Mega">Latios</span> used <strong>Defog</strong>!</div><div><small>The opposing <span class="battle-nickname-foe" title="Ninetales">Ninetales</span>'s evasiveness fell! </small></div><div class="spacer"></div><div>The opposing <span class="battle-nickname-foe" title="Ninetales">Ninetales</span> used <strong>Will-O-Wisp</strong>!</div><div><small><span class="battle-nickname" title="Latios-Mega">Latios</span> was burned!</small></div><div class="spacer"></div><div><small>The opposing <span class="battle-nickname-foe" title="Ninetales">Ninetales</span> restored a little HP using its Leftovers!</small></div><div><small><span class="battle-nickname" title="Latios-Mega">Latios</span> was hurt by its burn!</small></div><h2>Turn 11</h2><div class="spacer"></div><div><span class="battle-nickname" title="Latios-Mega">Latios</span> used <strong>Roost</strong>!</div><div><small><span class="battle-nickname" title="Latios-Mega">Latios</span> restored its HP.</small></div><div class="spacer"></div><div>The opposing <span class="battle-nickname-foe" title="Ninetales">Ninetales</span> used <strong>Nasty Plot</strong>!</div><div><small>The opposing <span class="battle-nickname-foe" title="Ninetales">Ninetales</span>'s Special Attack rose sharply! </small></div><div class="spacer"></div><div><small>The sunlight faded.</small></div><div><small><span class="battle-nickname" title="Latios-Mega">Latios</span> was hurt by its burn!</small></div><h2>Turn 12</h2><div class="spacer"></div><div><span class="battle-nickname" title="Latios-Mega">Latios</span> used <strong>Draco Meteor</strong>!</div><div><small>The opposing <span class="battle-nickname-foe" title="Ninetales">Ninetales</span> lost 17% of its health!</small><br></div><div class="spacer"></div><div>The opposing <span class="battle-nickname-foe" title="Ninetales">Ninetales</span> used <strong>Hidden Power</strong>!</div><div><small>It's super effective! </small><small><span class="battle-nickname" title="Latios-Mega">Latios</span> lost 51% of its health!</small><br></div><div class="spacer"></div><div><small>The opposing <span class="battle-nickname-foe" title="Ninetales">Ninetales</span> restored a little HP using its Leftovers!</small></div><div><small><span class="battle-nickname" title="Latios-Mega">Latios</span> was hurt by its burn!</small></div><h2>Turn 13</h2><div class="spacer"></div><div><span class="battle-nickname" title="Latios-Mega">Latios</span> used <strong>Draco Meteor</strong>!</div><div><small>The opposing <span class="battle-nickname-foe" title="Ninetales">Ninetales</span> lost 17% of its health!</small><br></div><div class="spacer"></div><div>The opposing <span class="battle-nickname-foe" title="Ninetales">Ninetales</span> used <strong>Hidden Power</strong>!</div><div><small>It's super effective! </small><small><span class="battle-nickname" title="Latios-Mega">Latios</span> lost 32% of its health!</small><br></div><div class="spacer"></div><div><span class="battle-nickname" title="Latios-Mega">Latios</span> fainted!</div><div class="spacer"></div><div><small>The opposing <span class="battle-nickname-foe" title="Ninetales">Ninetales</span> restored a little HP using its Leftovers!</small></div><div class="spacer"></div><div>Go! Primarina!</div><h2>Turn 14</h2><div class="spacer"></div><div>jooony withdrew Ninetales!</div><div class="spacer"></div><div>jooony sent out Manectric!</div><div class="spacer"></div><div><span class="battle-nickname" title="Primarina">Primarina</span> used <strong>Scald</strong>!</div><div><small>A critical hit! </small><small>The opposing <span class="battle-nickname-foe" title="Manectric">Manectric</span> lost 100% of its health!</small><br></div><div><small><span class="battle-nickname" title="Primarina">Primarina</span> lost some of its HP!</small></div><div class="spacer"></div><div>The opposing <span class="battle-nickname-foe" title="Manectric">Manectric</span> fainted!</div><div class="spacer"></div><div>jooony sent out Kingler!</div><h2>Turn 15</h2><div class="spacer"></div><div>The opposing <span class="battle-nickname-foe" title="Kingler">Kingler</span> used <strong>Swords Dance</strong>!</div><div><small>The opposing <span class="battle-nickname-foe" title="Kingler">Kingler</span>'s Attack rose sharply! </small></div><div class="spacer"></div><div><span class="battle-nickname" title="Primarina">Primarina</span> used <strong>Scald</strong>!</div><div><small>It's not very effective... </small><small>The opposing <span class="battle-nickname-foe" title="Kingler">Kingler</span> lost 43% of its health!</small><br></div><div><small>The opposing <span class="battle-nickname-foe" title="Kingler">Kingler</span> was burned!</small></div><div><small><span class="battle-nickname" title="Primarina">Primarina</span> lost some of its HP!</small></div><div class="spacer"></div><div><small>The opposing <span class="battle-nickname-foe" title="Kingler">Kingler</span> was hurt by its burn!</small></div><h2>Turn 16</h2><div class="spacer"></div><div>The opposing <span class="battle-nickname-foe" title="Kingler">Kingler</span> used <strong>Rock Slide</strong>!</div><div><small><span class="battle-nickname" title="Primarina">Primarina</span> lost 46% of its health!</small><br></div><div class="spacer"></div><div><span class="battle-nickname" title="Primarina">Primarina</span> used <strong>Encore</strong>!</div><div><small>The opposing <span class="battle-nickname-foe" title="Kingler">Kingler</span> received an encore!</small></div><div class="spacer"></div><div><small>The opposing <span class="battle-nickname-foe" title="Kingler">Kingler</span> was hurt by its burn!</small></div><h2>Turn 17</h2><div class="spacer"></div><div>The opposing <span class="battle-nickname-foe" title="Kingler">Kingler</span> used <strong>Rock Slide</strong>!</div><div><small><span class="battle-nickname" title="Primarina">Primarina</span> lost 34% of its health!</small><br></div><div class="spacer"></div><div><span class="battle-nickname" title="Primarina">Primarina</span> fainted!</div><div class="spacer"></div><div><small>The opposing <span class="battle-nickname-foe" title="Kingler">Kingler</span> was hurt by its burn!</small></div><div class="spacer"></div><div>Go! <span class="battle-nickname" title="Rotom-Mow">Rotom <small>(Rotom-Mow)</small></span>!</div><h2>Turn 18</h2><div class="spacer"></div><div><span class="battle-nickname" title="Rotom-Mow">Rotom</span> used <strong>Thunderbolt</strong>!</div><div><small>It's super effective! </small><small>The opposing <span class="battle-nickname-foe" title="Kingler">Kingler</span> lost 39% of its health!</small><br></div><div class="spacer"></div><div>The opposing <span class="battle-nickname-foe" title="Kingler">Kingler</span> fainted!</div><div class="spacer"></div><div>jooony sent out Garchomp!</div><h2>Turn 19</h2><div class="spacer"></div><div>The opposing <span class="battle-nickname-foe" title="Garchomp">Garchomp</span> used <strong>Earthquake</strong>!</div><div><small>[<span class="battle-nickname" title="Rotom-Mow">Rotom</span>'s Levitate!]</small></div><div><small>It doesn't affect <span class="battle-nickname" title="Rotom-Mow">Rotom</span>... </small></div><div class="spacer"></div><div><span class="battle-nickname" title="Rotom-Mow">Rotom</span> used <strong>Will-O-Wisp</strong>!</div><div><small>The opposing <span class="battle-nickname-foe" title="Garchomp">Garchomp</span> was burned!</small></div><div><small>The opposing <span class="battle-nickname-foe" title="Garchomp">Garchomp</span> ate its Lum Berry!</small></div><div><small>The opposing <span class="battle-nickname-foe" title="Garchomp">Garchomp</span> healed its burn!</small></div><h2>Turn 20</h2><div class="spacer"></div><div>The opposing <span class="battle-nickname-foe" title="Garchomp">Garchomp</span> used <strong>Stone Edge</strong>!</div><div><small><span class="battle-nickname" title="Rotom-Mow">Rotom</span> lost 31% of its health!</small><br></div><div class="spacer"></div><div><span class="battle-nickname" title="Rotom-Mow">Rotom</span> used <strong>Hidden Power</strong>!</div><div><small>It's not very effective... </small><small>The opposing <span class="battle-nickname-foe" title="Garchomp">Garchomp</span> lost 7% of its health!</small><br></div><div class="spacer"></div><div><small><span class="battle-nickname" title="Rotom-Mow">Rotom</span> restored a little HP using its Leftovers!</small></div><h2>Turn 21</h2><div class="spacer"></div><div>The opposing <span class="battle-nickname-foe" title="Garchomp">Garchomp</span> used <strong>Swords Dance</strong>!</div><div><small>The opposing <span class="battle-nickname-foe" title="Garchomp">Garchomp</span>'s Attack rose sharply! </small></div><div class="spacer"></div><div><span class="battle-nickname" title="Rotom-Mow">Rotom</span> used <strong>Will-O-Wisp</strong>!</div><div><small>The opposing <span class="battle-nickname-foe" title="Garchomp">Garchomp</span> was burned!</small></div><div class="spacer"></div><div><small><span class="battle-nickname" title="Rotom-Mow">Rotom</span> restored a little HP using its Leftovers!</small></div><div><small>The opposing <span class="battle-nickname-foe" title="Garchomp">Garchomp</span> was hurt by its burn!</small></div><h2>Turn 22</h2><div class="spacer"></div><div><span class="battle-nickname" title="Rotom-Mow">Rotom</span>, come back!</div><div class="spacer"></div><div>Go! Hitmontop!</div><div class="spacer"></div><div>The opposing <span class="battle-nickname-foe" title="Garchomp">Garchomp</span> used <strong>Stone Edge</strong>!</div><div><small>It's not very effective... A critical hit! </small><small><span class="battle-nickname" title="Hitmontop">Hitmontop</span> lost 27% of its health!</small><br></div><div class="spacer"></div><div><small>The opposing <span class="battle-nickname-foe" title="Garchomp">Garchomp</span> was hurt by its burn!</small></div><h2>Turn 23</h2><div class="spacer"></div><div>The opposing <span class="battle-nickname-foe" title="Garchomp">Garchomp</span> used <strong>Earthquake</strong>!</div><div><small><span class="battle-nickname" title="Hitmontop">Hitmontop</span> lost 56% of its health!</small><br></div><div class="spacer"></div><div><span class="battle-nickname" title="Hitmontop">Hitmontop</span> used <strong>Close Combat</strong>!</div><div><small>The opposing <span class="battle-nickname-foe" title="Garchomp">Garchomp</span> lost 51% of its health!</small><br></div><div><small>[Opposing <span class="battle-nickname-foe" title="Garchomp">Garchomp</span>'s Rough Skin!]</small></div><div><small><span class="battle-nickname" title="Hitmontop">Hitmontop</span> was hurt!</small></div><div><small><span class="battle-nickname" title="Hitmontop">Hitmontop</span>'s Defense fell! <span class="battle-nickname" title="Hitmontop">Hitmontop</span>'s Special Defense fell! </small></div><div><small><span class="battle-nickname" title="Hitmontop">Hitmontop</span> lost some of its HP!</small></div><div class="spacer"></div><div><span class="battle-nickname" title="Hitmontop">Hitmontop</span> fainted!</div><div class="spacer"></div><div><small>The opposing <span class="battle-nickname-foe" title="Garchomp">Garchomp</span> was hurt by its burn!</small></div><div class="spacer"></div><div>Go! <span class="battle-nickname" title="Rotom-Mow">Rotom <small>(Rotom-Mow)</small></span>!</div><h2>Turn 24</h2><div class="spacer"></div><div>The opposing <span class="battle-nickname-foe" title="Garchomp">Garchomp</span> used <strong>Stone Edge</strong>!</div><div><small><span class="battle-nickname" title="Rotom-Mow">Rotom</span> lost 31% of its health!</small><br></div><div class="spacer"></div><div><span class="battle-nickname" title="Rotom-Mow">Rotom</span> used <strong>Hidden Power</strong>!</div><div><small>It's not very effective... </small><small>The opposing <span class="battle-nickname-foe" title="Garchomp">Garchomp</span> lost 8% of its health!</small><br></div><div class="spacer"></div><div><small><span class="battle-nickname" title="Rotom-Mow">Rotom</span> restored a little HP using its Leftovers!</small></div><div><small>The opposing <span class="battle-nickname-foe" title="Garchomp">Garchomp</span> was hurt by its burn!</small></div><h2>Turn 25</h2><div class="spacer"></div><div>The opposing <span class="battle-nickname-foe" title="Garchomp">Garchomp</span> used <strong>Outrage</strong>!</div><div><small><span class="battle-nickname" title="Rotom-Mow">Rotom</span> lost 56% of its health!</small><br></div><div class="spacer"></div><div><span class="battle-nickname" title="Rotom-Mow">Rotom</span> fainted!</div><div class="spacer"></div><div><small>The opposing <span class="battle-nickname-foe" title="Garchomp">Garchomp</span> was hurt by its burn!</small></div><div class="spacer"></div><div>Go! Sableye!</div><h2>Turn 26</h2><div class="spacer"></div><div>The opposing <span class="battle-nickname-foe" title="Garchomp">Garchomp</span> used <strong>Outrage</strong>!</div><div><small>A critical hit! </small><small><span class="battle-nickname" title="Sableye">Sableye</span> lost 100% of its health!</small><br></div><div class="spacer"></div><div><span class="battle-nickname" title="Sableye">Sableye</span> fainted!</div><div class="spacer"></div><div><small>The opposing <span class="battle-nickname-foe" title="Garchomp">Garchomp</span> was hurt by its burn!</small></div><div class="spacer"></div><div>The opposing <span class="battle-nickname-foe" title="Garchomp">Garchomp</span> fainted!</div><div class="spacer"></div><div>jooony sent out Ninetales!</div><div class="spacer"></div><div>Go! Vileplume!</div><div><small>[Opposing <span class="battle-nickname-foe" title="Ninetales">Ninetales</span>'s Drought!]</small></div><div><small>The sunlight turned harsh!</small></div><h2>Turn 27</h2><div class="spacer"></div><div>The opposing <span class="battle-nickname-foe" title="Ninetales">Ninetales</span> used <strong>Fire Blast</strong>!</div><div><small>It's super effective! A critical hit! </small><small><span class="battle-nickname" title="Vileplume">Vileplume</span> lost 100% of its health!</small><br></div><div class="spacer"></div><div><span class="battle-nickname" title="Vileplume">Vileplume</span> fainted!</div><div class="spacer"></div><div>jooony won the battle!</div></div></div>
</div>
<script>
var daily = Math.floor(Date.now()/1000/60/60/24);document.write('<script src="https://play.pokemonshowdown.com/js/replay-embed.js?version'+daily+'"></'+'script>');
</script>
