<!DOCTYPE html>
<meta charset="utf-8" />
<!-- version 1 -->
<title>[Gen 7] Random Battle replay: Ezbangz vs. Toadman64</title>
<style>
html,body {font-family:Verdana, sans-serif;font-size:10pt;margin:0;padding:0;}body{padding:12px 0;} .battle-log {font-family:Verdana, sans-serif;font-size:10pt;} .battle-log-inline {border:1px solid #AAAAAA;background:#EEF2F5;color:black;max-width:640px;margin:0 auto 80px;padding-bottom:5px;} .battle-log .inner {padding:4px 8px 0px 8px;} .battle-log .inner-preempt {padding:0 8px 4px 8px;} .battle-log .inner-after {margin-top:0.5em;} .battle-log h2 {margin:0.5em -8px;padding:4px 8px;border:1px solid #AAAAAA;background:#E0E7EA;border-left:0;border-right:0;font-family:Verdana, sans-serif;font-size:13pt;} .battle-log .chat {vertical-align:middle;padding:3px 0 3px 0;font-size:8pt;} .battle-log .chat strong {color:#40576A;} .battle-log .chat em {padding:1px 4px 1px 3px;color:#000000;font-style:normal;} .chat.mine {background:rgba(0,0,0,0.05);margin-left:-8px;margin-right:-8px;padding-left:8px;padding-right:8px;} .spoiler {color:#BBBBBB;background:#BBBBBB;padding:0px 3px;} .spoiler:hover, .spoiler:active, .spoiler-shown {color:#000000;background:#E2E2E2;padding:0px 3px;} .spoiler a {color:#BBBBBB;} .spoiler:hover a, .spoiler:active a, .spoiler-shown a {color:#2288CC;} .chat code, .chat .spoiler:hover code, .chat .spoiler:active code, .chat .spoiler-shown code {border:1px solid #C0C0C0;background:#EEEEEE;color:black;padding:0 2px;} .chat .spoiler code {border:1px solid #CCCCCC;background:#CCCCCC;color:#CCCCCC;} .battle-log .rated {padding:3px 4px;} .battle-log .rated strong {color:white;background:#89A;padding:1px 4px;border-radius:4px;} .spacer {margin-top:0.5em;} .message-announce {background:#6688AA;color:white;padding:1px 4px 2px;} .message-announce a, .broadcast-green a, .broadcast-blue a, .broadcast-red a {color:#DDEEFF;} .broadcast-green {background-color:#559955;color:white;padding:2px 4px;} .broadcast-blue {background-color:#6688AA;color:white;padding:2px 4px;} .infobox {border:1px solid #6688AA;padding:2px 4px;} .infobox-limited {max-height:200px;overflow:auto;overflow-x:hidden;} .broadcast-red {background-color:#AA5544;color:white;padding:2px 4px;} .message-learn-canlearn {font-weight:bold;color:#228822;text-decoration:underline;} .message-learn-cannotlearn {font-weight:bold;color:#CC2222;text-decoration:underline;} .message-effect-weak {font-weight:bold;color:#CC2222;} .message-effect-resist {font-weight:bold;color:#6688AA;} .message-effect-immune {font-weight:bold;color:#666666;} .message-learn-list {margin-top:0;margin-bottom:0;} .message-throttle-notice, .message-error {color:#992222;} .message-overflow, .chat small.message-overflow {font-size:0pt;} .message-overflow::before {font-size:9pt;content:'...';} .subtle {color:#3A4A66;}
</style>
<div class="wrapper replay-wrapper" style="max-width:1180px;margin:0 auto">
<input type="hidden" name="replayid" value="gen7randombattle-566863853" />
<div class="battle"></div><div class="battle-log"></div><div class="replay-controls"></div><div class="replay-controls-2"></div>
<h1 style="font-weight:normal;text-align:center"><strong>[Gen 7] Random Battle</strong><br /><a href="http://pokemonshowdown.com/users/ezbangz" class="subtle" target="_blank">Ezbangz</a> vs. <a href="http://pokemonshowdown.com/users/toadman64" class="subtle" target="_blank">Toadman64</a></h1>
<script type="text/plain" class="battle-log-data">|J|Ezbangz
|J|Toadman64
|player|p1|Ezbangz|169
|player|p2|Toadman64|266
|gametype|singles
|gen|7
|tier|[Gen 7] Random Battle
|rated
|seed|33617,47230,60654,43705,4330,39463,47028,59252,56390,53561,11885,23234
|rule|Sleep Clause Mod: Limit one foe put to sleep
|rule|HP Percentage Mod: HP is shown in percentages
|
|start
|switch|p1a: Umbreon|Umbreon, L79, F|100\/100
|switch|p2a: Celebi|Celebi, L77|100\/100
|turn|1
|choice|move foulplay|move leafstorm
|
|move|p2a: Celebi|Leaf Storm|p1a: Umbreon
|-damage|p1a: Umbreon|66\/100
|-unboost|p2a: Celebi|spa|2
|move|p1a: Umbreon|Foul Play|p2a: Celebi
|-supereffective|p2a: Celebi
|-damage|p2a: Celebi|51\/100
|
|-heal|p2a: Celebi|57\/100|[from] item: Leftovers
|-heal|p1a: Umbreon|72\/100|[from] item: Leftovers
|upkeep
|turn|2
|choice|move wish|move earthpower
|
|move|p2a: Celebi|Earth Power|p1a: Umbreon
|-damage|p1a: Umbreon|65\/100
|-unboost|p1a: Umbreon|spd|1
|move|p1a: Umbreon|Wish|p1a: Umbreon
|
|-heal|p2a: Celebi|63\/100|[from] item: Leftovers
|-heal|p1a: Umbreon|71\/100|[from] item: Leftovers
|upkeep
|turn|3
|choice|move protect|move recover
|
|move|p1a: Umbreon|Protect|p1a: Umbreon
|-singleturn|p1a: Umbreon|Protect
|move|p2a: Celebi|Recover|p2a: Celebi
|-heal|p2a: Celebi|100\/100
|
|-heal|p1a: Umbreon|100\/100|[from] move: Wish|[wisher] Umbreon
|upkeep
|turn|4
|choice|switch 2|move leafstorm
|
|switch|p1a: Dusknoir|Dusknoir, L79, F|100\/100
|-item|p2a: Celebi|Leftovers|[from] ability: Frisk|[of] p1a: Dusknoir|[identify]
|move|p2a: Celebi|Leaf Storm|p1a: Dusknoir
|-damage|p1a: Dusknoir|77\/100
|-unboost|p2a: Celebi|spa|2
|
|-heal|p1a: Dusknoir|83\/100|[from] item: Leftovers
|upkeep
|turn|5
|choice|move substitute|move earthpower
|
|move|p2a: Celebi|Earth Power|p1a: Dusknoir
|-crit|p1a: Dusknoir
|-damage|p1a: Dusknoir|53\/100
|move|p1a: Dusknoir|Substitute|p1a: Dusknoir
|-start|p1a: Dusknoir|Substitute
|-damage|p1a: Dusknoir|28\/100
|
|-heal|p1a: Dusknoir|34\/100|[from] item: Leftovers
|upkeep
|turn|6
|choice|move painsplit|move leafstorm
|
|move|p2a: Celebi|Leaf Storm|p1a: Dusknoir
|-activate|p1a: Dusknoir|move: Substitute|[damage]
|-unboost|p2a: Celebi|spa|2
|move|p1a: Dusknoir|Pain Split|p2a: Celebi
|-sethp|p2a: Celebi|62\/100|p1a: Dusknoir|87\/100|[from] move: Pain Split
|
|-heal|p2a: Celebi|68\/100|[from] item: Leftovers
|-heal|p1a: Dusknoir|93\/100|[from] item: Leftovers
|upkeep
|turn|7
|choice|move willowisp|move leafstorm
|
|move|p2a: Celebi|Leaf Storm|p1a: Dusknoir
|-end|p1a: Dusknoir|Substitute
|move|p1a: Dusknoir|Will-O-Wisp|p2a: Celebi
|-status|p2a: Celebi|brn
|
|-heal|p2a: Celebi|75\/100 brn|[from] item: Leftovers
|-heal|p1a: Dusknoir|99\/100|[from] item: Leftovers
|-damage|p2a: Celebi|68\/100 brn|[from] brn
|upkeep
|turn|8
|choice|move substitute|move earthpower
|
|move|p2a: Celebi|Earth Power|p1a: Dusknoir
|-damage|p1a: Dusknoir|94\/100
|move|p1a: Dusknoir|Substitute|p1a: Dusknoir
|-start|p1a: Dusknoir|Substitute
|-damage|p1a: Dusknoir|69\/100
|
|-heal|p2a: Celebi|75\/100 brn|[from] item: Leftovers
|-heal|p1a: Dusknoir|75\/100|[from] item: Leftovers
|-damage|p2a: Celebi|68\/100 brn|[from] brn
|upkeep
|turn|9
|choice|move shadowsneak|move recover
|
|move|p1a: Dusknoir|Shadow Sneak|p2a: Celebi
|-supereffective|p2a: Celebi
|-damage|p2a: Celebi|40\/100 brn
|move|p2a: Celebi|Recover|p2a: Celebi
|-heal|p2a: Celebi|90\/100 brn
|
|-heal|p2a: Celebi|96\/100 brn|[from] item: Leftovers
|-heal|p1a: Dusknoir|81\/100|[from] item: Leftovers
|-damage|p2a: Celebi|90\/100 brn|[from] brn
|upkeep
|turn|10
|choice|move shadowsneak|move earthpower
|
|move|p1a: Dusknoir|Shadow Sneak|p2a: Celebi
|-supereffective|p2a: Celebi
|-damage|p2a: Celebi|62\/100 brn
|move|p2a: Celebi|Earth Power|p1a: Dusknoir
|-activate|p1a: Dusknoir|move: Substitute|[damage]
|
|-heal|p2a: Celebi|68\/100 brn|[from] item: Leftovers
|-heal|p1a: Dusknoir|87\/100|[from] item: Leftovers
|-damage|p2a: Celebi|62\/100 brn|[from] brn
|upkeep
|turn|11
|choice|move shadowsneak|move leafstorm
|
|move|p1a: Dusknoir|Shadow Sneak|p2a: Celebi
|-supereffective|p2a: Celebi
|-damage|p2a: Celebi|35\/100 brn
|move|p2a: Celebi|Leaf Storm|p1a: Dusknoir
|-activate|p1a: Dusknoir|move: Substitute|[damage]
|
|-heal|p2a: Celebi|41\/100 brn|[from] item: Leftovers
|-heal|p1a: Dusknoir|93\/100|[from] item: Leftovers
|-damage|p2a: Celebi|35\/100 brn|[from] brn
|upkeep
|turn|12
|choice|move shadowsneak|move earthpower
|
|move|p1a: Dusknoir|Shadow Sneak|p2a: Celebi
|-supereffective|p2a: Celebi
|-damage|p2a: Celebi|8\/100 brn
|move|p2a: Celebi|Earth Power|p1a: Dusknoir
|-activate|p1a: Dusknoir|move: Substitute|[damage]
|
|-heal|p2a: Celebi|14\/100 brn|[from] item: Leftovers
|-heal|p1a: Dusknoir|99\/100|[from] item: Leftovers
|-damage|p2a: Celebi|8\/100 brn|[from] brn
|upkeep
|turn|13
|choice|move shadowsneak|switch 2
|
|-curestatus|p2a: Celebi|brn|[from] ability: Natural Cure
|switch|p2a: Primeape|Primeape, L79, F|100\/100
|move|p1a: Dusknoir|Shadow Sneak|p2a: Primeape
|-crit|p2a: Primeape
|-damage|p2a: Primeape|63\/100
|
|-heal|p1a: Dusknoir|100\/100|[from] item: Leftovers
|upkeep
|turn|14
|choice|move shadowsneak|move closecombat
|
|move|p1a: Dusknoir|Shadow Sneak|p2a: Primeape
|-damage|p2a: Primeape|40\/100
|move|p2a: Primeape|Close Combat|p1a: Dusknoir
|-immune|p1a: Dusknoir|[msg]
|
|upkeep
|turn|15
|choice|move shadowsneak|switch 6
|
|switch|p2a: Ditto|Ditto, L79|100\/100
|move|p1a: Dusknoir|Shadow Sneak|p2a: Ditto
|-immune|p2a: Ditto|[msg]
|
|upkeep
|turn|16
|choice|move willowisp|move transform
|
|move|p2a: Ditto|Transform|p1a: Dusknoir
|-fail|p1a: Dusknoir
|move|p1a: Dusknoir|Will-O-Wisp|p2a: Ditto|[miss]
|-miss|p1a: Dusknoir|p2a: Ditto
|
|upkeep
|turn|17
|choice|move willowisp|move transform
|
|move|p2a: Ditto|Transform|p1a: Dusknoir
|-fail|p1a: Dusknoir
|move|p1a: Dusknoir|Will-O-Wisp|p2a: Ditto
|-status|p2a: Ditto|brn
|
|-damage|p2a: Ditto|95\/100 brn|[from] brn
|upkeep
|turn|18
|L|Toadman64
|player|p2|
|inactive|Battle timer is ON: inactive players will automatically lose when time's up. (requested by Ezbangz)
|J|Toadman64
|player|p2|Toadman64|266
|-message|Toadman64 forfeited.
|
|win|Ezbangz
|L|Toadman64
|raw|Ezbangz's rating: 1034 &rarr; <strong>1075<\/strong><br \/>(+41 for winning)
|raw|Toadman64's rating: 1090 &rarr; <strong>1063<\/strong><br \/>(-27 for losing)</script>
</div>
<div class="battle-log battle-log-inline"><div class="inner"><div style="padding:5px 0"><small>Format:</small> <br><strong>[Gen 7] Random Battle</strong></div><div class="rated"><strong>Rated battle</strong></div><div><small><em>Sleep Clause Mod:</em> Limit one foe put to sleep</small></div><div><small><em>HP Percentage Mod:</em> HP is shown in percentages</small></div><div>Battle between Ezbangz and Toadman64 started!</div><div class="spacer"></div><div>Go! Umbreon!</div><div class="spacer"></div><div>Toadman64 sent out Celebi!</div><h2>Turn 1</h2><div class="spacer"></div><div>The opposing <span class="battle-nickname-foe" title="Celebi">Celebi</span> used <strong>Leaf Storm</strong>!</div><div><small><span class="battle-nickname" title="Umbreon">Umbreon</span> lost 34% of its health!</small><br></div><div><small>The opposing <span class="battle-nickname-foe" title="Celebi">Celebi</span>'s Special Attack fell harshly! </small></div><div class="spacer"></div><div><span class="battle-nickname" title="Umbreon">Umbreon</span> used <strong>Foul Play</strong>!</div><div><small>It's super effective! </small><small>The opposing <span class="battle-nickname-foe" title="Celebi">Celebi</span> lost 49% of its health!</small><br></div><div class="spacer"></div><div><small>The opposing <span class="battle-nickname-foe" title="Celebi">Celebi</span> restored a little HP using its Leftovers!</small></div><div><small><span class="battle-nickname" title="Umbreon">Umbreon</span> restored a little HP using its Leftovers!</small></div><h2>Turn 2</h2><div class="spacer"></div><div>The opposing <span class="battle-nickname-foe" title="Celebi">Celebi</span> used <strong>Earth Power</strong>!</div><div><small><span class="battle-nickname" title="Umbreon">Umbreon</span> lost 7% of its health!</small><br></div><div><small><span class="battle-nickname" title="Umbreon">Umbreon</span>'s Special Defense fell! </small></div><div class="spacer"></div><div><span class="battle-nickname" title="Umbreon">Umbreon</span> used <strong>Wish</strong>!</div><div class="spacer"></div><div><small>The opposing <span class="battle-nickname-foe" title="Celebi">Celebi</span> restored a little HP using its Leftovers!</small></div><div><small><span class="battle-nickname" title="Umbreon">Umbreon</span> restored a little HP using its Leftovers!</small></div><h2>Turn 3</h2><div class="spacer"></div><div><span class="battle-nickname" title="Umbreon">Umbreon</span> used <strong>Protect</strong>!</div><div><small><span class="battle-nickname" title="Umbreon">Umbreon</span> protected itself!</small></div><div class="spacer"></div><div>The opposing <span class="battle-nickname-foe" title="Celebi">Celebi</span> used <strong>Recover</strong>!</div><div><small>The opposing <span class="battle-nickname-foe" title="Celebi">Celebi</span> restored its HP.</small></div><div class="spacer"></div><div><small>Umbreon's wish came true!</small></div><h2>Turn 4</h2><div class="spacer"></div><div><span class="battle-nickname" title="Umbreon">Umbreon</span>, come back!</div><div class="spacer"></div><div>Go! Dusknoir!</div><div><small>[<span class="battle-nickname" title="Dusknoir">Dusknoir</span>'s Frisk!]</small></div><div><small><span class="battle-nickname" title="Dusknoir">Dusknoir</span> frisked the opposing <span class="battle-nickname-foe" title="Celebi">Celebi</span> and found its Leftovers!</small></div><div class="spacer"></div><div>The opposing <span class="battle-nickname-foe" title="Celebi">Celebi</span> used <strong>Leaf Storm</strong>!</div><div><small><span class="battle-nickname" title="Dusknoir">Dusknoir</span> lost 23% of its health!</small><br></div><div><small>The opposing <span class="battle-nickname-foe" title="Celebi">Celebi</span>'s Special Attack fell harshly! </small></div><div class="spacer"></div><div><small><span class="battle-nickname" title="Dusknoir">Dusknoir</span> restored a little HP using its Leftovers!</small></div><h2>Turn 5</h2><div class="spacer"></div><div>The opposing <span class="battle-nickname-foe" title="Celebi">Celebi</span> used <strong>Earth Power</strong>!</div><div><small>A critical hit! </small><small><span class="battle-nickname" title="Dusknoir">Dusknoir</span> lost 30% of its health!</small><br></div><div class="spacer"></div><div><span class="battle-nickname" title="Dusknoir">Dusknoir</span> used <strong>Substitute</strong>!</div><div><small><span class="battle-nickname" title="Dusknoir">Dusknoir</span> put in a substitute!</small></div><div><small><span class="battle-nickname" title="Dusknoir">Dusknoir</span> lost 25% of its health!</small><br></div><div class="spacer"></div><div><small><span class="battle-nickname" title="Dusknoir">Dusknoir</span> restored a little HP using its Leftovers!</small></div><h2>Turn 6</h2><div class="spacer"></div><div>The opposing <span class="battle-nickname-foe" title="Celebi">Celebi</span> used <strong>Leaf Storm</strong>!</div><div><small>The substitute took damage for <span class="battle-nickname" title="Dusknoir">Dusknoir</span>!</small></div><div><small>The opposing <span class="battle-nickname-foe" title="Celebi">Celebi</span>'s Special Attack fell harshly! </small></div><div class="spacer"></div><div><span class="battle-nickname" title="Dusknoir">Dusknoir</span> used <strong>Pain Split</strong>!</div><div><small>The battlers shared their pain!</small></div><div class="spacer"></div><div><small>The opposing <span class="battle-nickname-foe" title="Celebi">Celebi</span> restored a little HP using its Leftovers!</small></div><div><small><span class="battle-nickname" title="Dusknoir">Dusknoir</span> restored a little HP using its Leftovers!</small></div><h2>Turn 7</h2><div class="spacer"></div><div>The opposing <span class="battle-nickname-foe" title="Celebi">Celebi</span> used <strong>Leaf Storm</strong>!</div><div><small><span class="battle-nickname" title="Dusknoir">Dusknoir</span>'s substitute faded!</small></div><div class="spacer"></div><div><span class="battle-nickname" title="Dusknoir">Dusknoir</span> used <strong>Will-O-Wisp</strong>!</div><div><small>The opposing <span class="battle-nickname-foe" title="Celebi">Celebi</span> was burned!</small></div><div class="spacer"></div><div><small>The opposing <span class="battle-nickname-foe" title="Celebi">Celebi</span> restored a little HP using its Leftovers!</small></div><div><small><span class="battle-nickname" title="Dusknoir">Dusknoir</span> restored a little HP using its Leftovers!</small></div><div><small>The opposing <span class="battle-nickname-foe" title="Celebi">Celebi</span> was hurt by its burn!</small></div><h2>Turn 8</h2><div class="spacer"></div><div>The opposing <span class="battle-nickname-foe" title="Celebi">Celebi</span> used <strong>Earth Power</strong>!</div><div><small><span class="battle-nickname" title="Dusknoir">Dusknoir</span> lost 5% of its health!</small><br></div><div class="spacer"></div><div><span class="battle-nickname" title="Dusknoir">Dusknoir</span> used <strong>Substitute</strong>!</div><div><small><span class="battle-nickname" title="Dusknoir">Dusknoir</span> put in a substitute!</small></div><div><small><span class="battle-nickname" title="Dusknoir">Dusknoir</span> lost 25% of its health!</small><br></div><div class="spacer"></div><div><small>The opposing <span class="battle-nickname-foe" title="Celebi">Celebi</span> restored a little HP using its Leftovers!</small></div><div><small><span class="battle-nickname" title="Dusknoir">Dusknoir</span> restored a little HP using its Leftovers!</small></div><div><small>The opposing <span class="battle-nickname-foe" title="Celebi">Celebi</span> was hurt by its burn!</small></div><h2>Turn 9</h2><div class="spacer"></div><div><span class="battle-nickname" title="Dusknoir">Dusknoir</span> used <strong>Shadow Sneak</strong>!</div><div><small>It's super effective! </small><small>The opposing <span class="battle-nickname-foe" title="Celebi">Celebi</span> lost 28% of its health!</small><br></div><div class="spacer"></div><div>The opposing <span class="battle-nickname-foe" title="Celebi">Celebi</span> used <strong>Recover</strong>!</div><div><small>The opposing <span class="battle-nickname-foe" title="Celebi">Celebi</span> restored its HP.</small></div><div class="spacer"></div><div><small>The opposing <span class="battle-nickname-foe" title="Celebi">Celebi</span> restored a little HP using its Leftovers!</small></div><div><small><span class="battle-nickname" title="Dusknoir">Dusknoir</span> restored a little HP using its Leftovers!</small></div><div><small>The opposing <span class="battle-nickname-foe" title="Celebi">Celebi</span> was hurt by its burn!</small></div><h2>Turn 10</h2><div class="spacer"></div><div><span class="battle-nickname" title="Dusknoir">Dusknoir</span> used <strong>Shadow Sneak</strong>!</div><div><small>It's super effective! </small><small>The opposing <span class="battle-nickname-foe" title="Celebi">Celebi</span> lost 28% of its health!</small><br></div><div class="spacer"></div><div>The opposing <span class="battle-nickname-foe" title="Celebi">Celebi</span> used <strong>Earth Power</strong>!</div><div><small>The substitute took damage for <span class="battle-nickname" title="Dusknoir">Dusknoir</span>!</small></div><div class="spacer"></div><div><small>The opposing <span class="battle-nickname-foe" title="Celebi">Celebi</span> restored a little HP using its Leftovers!</small></div><div><small><span class="battle-nickname" title="Dusknoir">Dusknoir</span> restored a little HP using its Leftovers!</small></div><div><small>The opposing <span class="battle-nickname-foe" title="Celebi">Celebi</span> was hurt by its burn!</small></div><h2>Turn 11</h2><div class="spacer"></div><div><span class="battle-nickname" title="Dusknoir">Dusknoir</span> used <strong>Shadow Sneak</strong>!</div><div><small>It's super effective! </small><small>The opposing <span class="battle-nickname-foe" title="Celebi">Celebi</span> lost 27% of its health!</small><br></div><div class="spacer"></div><div>The opposing <span class="battle-nickname-foe" title="Celebi">Celebi</span> used <strong>Leaf Storm</strong>!</div><div><small>The substitute took damage for <span class="battle-nickname" title="Dusknoir">Dusknoir</span>!</small></div><div class="spacer"></div><div><small>The opposing <span class="battle-nickname-foe" title="Celebi">Celebi</span> restored a little HP using its Leftovers!</small></div><div><small><span class="battle-nickname" title="Dusknoir">Dusknoir</span> restored a little HP using its Leftovers!</small></div><div><small>The opposing <span class="battle-nickname-foe" title="Celebi">Celebi</span> was hurt by its burn!</small></div><h2>Turn 12</h2><div class="spacer"></div><div><span class="battle-nickname" title="Dusknoir">Dusknoir</span> used <strong>Shadow Sneak</strong>!</div><div><small>It's super effective! </small><small>The opposing <span class="battle-nickname-foe" title="Celebi">Celebi</span> lost 27% of its health!</small><br></div><div class="spacer"></div><div>The opposing <span class="battle-nickname-foe" title="Celebi">Celebi</span> used <strong>Earth Power</strong>!</div><div><small>The substitute took damage for <span class="battle-nickname" title="Dusknoir">Dusknoir</span>!</small></div><div class="spacer"></div><div><small>The opposing <span class="battle-nickname-foe" title="Celebi">Celebi</span> restored a little HP using its Leftovers!</small></div><div><small><span class="battle-nickname" title="Dusknoir">Dusknoir</span> restored a little HP using its Leftovers!</small></div><div><small>The opposing <span class="battle-nickname-foe" title="Celebi">Celebi</span> was hurt by its burn!</small></div><h2>Turn 13</h2><div class="spacer"></div><div><small>(The opposing <span class="battle-nickname-foe" title="Celebi">Celebi</span>'s Natural Cure activated!)</small></div><div class="spacer"></div><div>Toadman64 withdrew Celebi!</div><div class="spacer"></div><div>Toadman64 sent out Primeape!</div><div class="spacer"></div><div><span class="battle-nickname" title="Dusknoir">Dusknoir</span> used <strong>Shadow Sneak</strong>!</div><div><small>A critical hit! </small><small>The opposing <span class="battle-nickname-foe" title="Primeape">Primeape</span> lost 37% of its health!</small><br></div><div class="spacer"></div><div><small><span class="battle-nickname" title="Dusknoir">Dusknoir</span> restored a little HP using its Leftovers!</small></div><h2>Turn 14</h2><div class="spacer"></div><div><span class="battle-nickname" title="Dusknoir">Dusknoir</span> used <strong>Shadow Sneak</strong>!</div><div><small>The opposing <span class="battle-nickname-foe" title="Primeape">Primeape</span> lost 23% of its health!</small><br></div><div class="spacer"></div><div>The opposing <span class="battle-nickname-foe" title="Primeape">Primeape</span> used <strong>Close Combat</strong>!</div><div><small>It doesn't affect <span class="battle-nickname" title="Dusknoir">Dusknoir</span>... </small></div><h2>Turn 15</h2><div class="spacer"></div><div>Toadman64 withdrew Primeape!</div><div class="spacer"></div><div>Toadman64 sent out Ditto!</div><div class="spacer"></div><div><span class="battle-nickname" title="Dusknoir">Dusknoir</span> used <strong>Shadow Sneak</strong>!</div><div><small>It doesn't affect the opposing <span class="battle-nickname-foe" title="Ditto">Ditto</span>... </small></div><h2>Turn 16</h2><div class="spacer"></div><div>The opposing <span class="battle-nickname-foe" title="Ditto">Ditto</span> used <strong>Transform</strong>!</div><div><small>But it failed!</small></div><div class="spacer"></div><div><span class="battle-nickname" title="Dusknoir">Dusknoir</span> used <strong>Will-O-Wisp</strong>!</div><div><small>The opposing <span class="battle-nickname-foe" title="Ditto">Ditto</span> avoided the attack!</small></div><h2>Turn 17</h2><div class="spacer"></div><div>The opposing <span class="battle-nickname-foe" title="Ditto">Ditto</span> used <strong>Transform</strong>!</div><div><small>But it failed!</small></div><div class="spacer"></div><div><span class="battle-nickname" title="Dusknoir">Dusknoir</span> used <strong>Will-O-Wisp</strong>!</div><div><small>The opposing <span class="battle-nickname-foe" title="Ditto">Ditto</span> was burned!</small></div><div class="spacer"></div><div><small>The opposing <span class="battle-nickname-foe" title="Ditto">Ditto</span> was hurt by its burn!</small></div><h2>Turn 18</h2><div class="chat message-error">Battle timer is ON: inactive players will automatically lose when time's up. (requested by Ezbangz)</div><div class="spacer"></div><div><small>Toadman64 forfeited.</small></div><div class="spacer"></div><div>Ezbangz won the battle!</div><div class="chat">Ezbangz's rating: 1034 → <strong>1075</strong><br>(+41 for winning)</div><div class="chat">Toadman64's rating: 1090 → <strong>1063</strong><br>(-27 for losing)</div></div></div>
</div>
<script>
var daily = Math.floor(Date.now()/1000/60/60/24);document.write('<script src="https://play.pokemonshowdown.com/js/replay-embed.js?version'+daily+'"></'+'script>');
</script>
