<!DOCTYPE html>
<meta charset="utf-8" />
<!-- version 1 -->
<title>[Gen 7] Random Battle replay: rastafarisoldier vs. guccimanebrrr</title>
<style>
html,body {font-family:Verdana, sans-serif;font-size:10pt;margin:0;padding:0;}body{padding:12px 0;} .battle-log {font-family:Verdana, sans-serif;font-size:10pt;} .battle-log-inline {border:1px solid #AAAAAA;background:#EEF2F5;color:black;max-width:640px;margin:0 auto 80px;padding-bottom:5px;} .battle-log .inner {padding:4px 8px 0px 8px;} .battle-log .inner-preempt {padding:0 8px 4px 8px;} .battle-log .inner-after {margin-top:0.5em;} .battle-log h2 {margin:0.5em -8px;padding:4px 8px;border:1px solid #AAAAAA;background:#E0E7EA;border-left:0;border-right:0;font-family:Verdana, sans-serif;font-size:13pt;} .battle-log .chat {vertical-align:middle;padding:3px 0 3px 0;font-size:8pt;} .battle-log .chat strong {color:#40576A;} .battle-log .chat em {padding:1px 4px 1px 3px;color:#000000;font-style:normal;} .chat.mine {background:rgba(0,0,0,0.05);margin-left:-8px;margin-right:-8px;padding-left:8px;padding-right:8px;} .spoiler {color:#BBBBBB;background:#BBBBBB;padding:0px 3px;} .spoiler:hover, .spoiler:active, .spoiler-shown {color:#000000;background:#E2E2E2;padding:0px 3px;} .spoiler a {color:#BBBBBB;} .spoiler:hover a, .spoiler:active a, .spoiler-shown a {color:#2288CC;} .chat code, .chat .spoiler:hover code, .chat .spoiler:active code, .chat .spoiler-shown code {border:1px solid #C0C0C0;background:#EEEEEE;color:black;padding:0 2px;} .chat .spoiler code {border:1px solid #CCCCCC;background:#CCCCCC;color:#CCCCCC;} .battle-log .rated {padding:3px 4px;} .battle-log .rated strong {color:white;background:#89A;padding:1px 4px;border-radius:4px;} .spacer {margin-top:0.5em;} .message-announce {background:#6688AA;color:white;padding:1px 4px 2px;} .message-announce a, .broadcast-green a, .broadcast-blue a, .broadcast-red a {color:#DDEEFF;} .broadcast-green {background-color:#559955;color:white;padding:2px 4px;} .broadcast-blue {background-color:#6688AA;color:white;padding:2px 4px;} .infobox {border:1px solid #6688AA;padding:2px 4px;} .infobox-limited {max-height:200px;overflow:auto;overflow-x:hidden;} .broadcast-red {background-color:#AA5544;color:white;padding:2px 4px;} .message-learn-canlearn {font-weight:bold;color:#228822;text-decoration:underline;} .message-learn-cannotlearn {font-weight:bold;color:#CC2222;text-decoration:underline;} .message-effect-weak {font-weight:bold;color:#CC2222;} .message-effect-resist {font-weight:bold;color:#6688AA;} .message-effect-immune {font-weight:bold;color:#666666;} .message-learn-list {margin-top:0;margin-bottom:0;} .message-throttle-notice, .message-error {color:#992222;} .message-overflow, .chat small.message-overflow {font-size:0pt;} .message-overflow::before {font-size:9pt;content:'...';} .subtle {color:#3A4A66;}
</style>
<div class="wrapper replay-wrapper" style="max-width:1180px;margin:0 auto">
<input type="hidden" name="replayid" value="gen7randombattle-566892760" />
<div class="battle"></div><div class="battle-log"></div><div class="replay-controls"></div><div class="replay-controls-2"></div>
<h1 style="font-weight:normal;text-align:center"><strong>[Gen 7] Random Battle</strong><br /><a href="http://pokemonshowdown.com/users/rastafarisoldier" class="subtle" target="_blank">rastafarisoldier</a> vs. <a href="http://pokemonshowdown.com/users/guccimanebrrr" class="subtle" target="_blank">guccimanebrrr</a></h1>
<script type="text/plain" class="battle-log-data">|j|rastafarisoldier
|j|guccimanebrrr
|player|p1|rastafarisoldier|266
|player|p2|guccimanebrrr|257
|gametype|singles
|gen|7
|tier|[Gen 7] Random Battle
|rated
|seed|29645,36404,63068,27201,10491,22817,13149,60914,57991,54500,2276,32938
|rule|Sleep Clause Mod: Limit one foe put to sleep
|rule|HP Percentage Mod: HP is shown in percentages
|
|start
|switch|p1a: Espeon|Espeon, L75, M|100\/100
|switch|p2a: Farfetch'd|Farfetch'd, L79, F|100\/100
|turn|1
|choice|move psychic|move swordsdance
|
|move|p1a: Espeon|Psychic|p2a: Farfetch'd
|-damage|p2a: Farfetch'd|39\/100
|-unboost|p2a: Farfetch'd|spd|1
|-ability|p2a: Farfetch'd|Defiant|boost
|-boost|p2a: Farfetch'd|atk|2
|move|p2a: Farfetch'd|Swords Dance|p2a: Farfetch'd
|-boost|p2a: Farfetch'd|atk|2
|
|upkeep
|turn|2
|choice|move psychic|move nightslash
|
|move|p1a: Espeon|Psychic|p2a: Farfetch'd
|-damage|p2a: Farfetch'd|0 fnt
|faint|p2a: Farfetch'd
|
|upkeep
|choice||switch 2
|
|switch|p2a: Shiinotic|Shiinotic, L79, M|100\/100
|turn|3
|choice|move substitute|move substitute
|
|move|p1a: Espeon|Substitute|p1a: Espeon
|-start|p1a: Espeon|Substitute
|-damage|p1a: Espeon|76\/100
|move|p2a: Shiinotic|Substitute|p2a: Shiinotic
|-start|p2a: Shiinotic|Substitute
|-damage|p2a: Shiinotic|75\/100
|
|-heal|p1a: Espeon|81\/100|[from] item: Leftovers
|-heal|p2a: Shiinotic|82\/100|[from] item: Leftovers
|upkeep
|turn|4
|choice|move psychic|move strengthsap
|
|move|p1a: Espeon|Psychic|p2a: Shiinotic
|-end|p2a: Shiinotic|Substitute
|move|p2a: Shiinotic|Strength Sap|p1a: Espeon
|move|p1a: Espeon|Strength Sap|p2a: Shiinotic|[from]Magic Bounce
|-unboost|p2a: Shiinotic|atk|1
|-heal|p1a: Espeon|100\/100
|
|-heal|p2a: Shiinotic|88\/100|[from] item: Leftovers
|upkeep
|turn|5
|choice|move psychic|move moonblast
|
|move|p1a: Espeon|Psychic|p2a: Shiinotic
|-damage|p2a: Shiinotic|46\/100
|move|p2a: Shiinotic|Moonblast|p1a: Espeon
|-end|p1a: Espeon|Substitute
|
|-heal|p2a: Shiinotic|53\/100|[from] item: Leftovers
|upkeep
|turn|6
|choice|move psychic|move moonblast
|
|move|p1a: Espeon|Psychic|p2a: Shiinotic
|-crit|p2a: Shiinotic
|-damage|p2a: Shiinotic|0 fnt
|faint|p2a: Shiinotic
|
|upkeep
|choice||switch 4
|
|switch|p2a: Carracosta|Carracosta, L79, F|100\/100
|turn|7
|choice|move psychic|move shellsmash
|
|move|p1a: Espeon|Psychic|p2a: Carracosta
|-damage|p2a: Carracosta|49\/100
|move|p2a: Carracosta|Shell Smash|p2a: Carracosta
|-unboost|p2a: Carracosta|def|1
|-unboost|p2a: Carracosta|spd|1
|-boost|p2a: Carracosta|atk|2
|-boost|p2a: Carracosta|spa|2
|-boost|p2a: Carracosta|spe|2
|-enditem|p2a: Carracosta|White Herb
|-clearnegativeboost|p2a: Carracosta|[silent]
|
|upkeep
|turn|8
|choice|move psychic|move earthquake
|
|move|p1a: Espeon|Psychic|p2a: Carracosta
|-damage|p2a: Carracosta|0 fnt
|faint|p2a: Carracosta
|
|upkeep
|inactive|Battle timer is ON: inactive players will automatically lose when time's up. (requested by rastafarisoldier)
|c|☆rastafarisoldier|way 2 gready
|c|☆rastafarisoldier|noob
|c|☆rastafarisoldier|eZ
|choice||switch 5
|
|switch|p2a: Yveltal|Yveltal, L73|100\/100
|-ability|p2a: Yveltal|Dark Aura
|turn|9
|c|☆guccimanebrrr|its a fake game lol
|c|☆guccimanebrrr|get a life o one cares
|choice|move dazzlinggleam|move darkpulse
|
|move|p1a: Espeon|Dazzling Gleam|p2a: Yveltal
|-supereffective|p2a: Yveltal
|-damage|p2a: Yveltal|62\/100
|move|p2a: Yveltal|Dark Pulse|p1a: Espeon
|-supereffective|p1a: Espeon
|-damage|p1a: Espeon|0 fnt
|faint|p1a: Espeon
|
|-heal|p2a: Yveltal|69\/100|[from] item: Leftovers
|upkeep
|c|☆rastafarisoldier|you are playing this fake game.. idit
|c|☆rastafarisoldier|still beat ya cunt
|c|☆guccimanebrrr|are you 11 lol
|choice|switch 2|
|
|switch|p1a: Phione|Phione, L79|100\/100
|turn|10
|choice|move uturn|move oblivionwing
|
|move|p2a: Yveltal|Oblivion Wing|p1a: Phione
|-damage|p1a: Phione|64\/100
|-heal|p2a: Yveltal|92\/100|[from] drain|[of] p1a: Phione
|move|p1a: Phione|U-turn|p2a: Yveltal
|-damage|p2a: Yveltal|78\/100
|choice|switch 3|
|
|switch|p1a: Kricketune|Kricketune, L79, F|100\/100
|
|-heal|p2a: Yveltal|84\/100|[from] item: Leftovers
|upkeep
|turn|11
|choice|move toxic|move oblivionwing
|
|move|p2a: Yveltal|Oblivion Wing|p1a: Kricketune
|-supereffective|p1a: Kricketune
|-damage|p1a: Kricketune|4\/100
|-heal|p2a: Yveltal|100\/100|[from] drain|[of] p1a: Kricketune
|move|p1a: Kricketune|Toxic|p2a: Yveltal
|-status|p2a: Yveltal|tox
|
|-heal|p1a: Kricketune|10\/100|[from] item: Leftovers
|-damage|p2a: Yveltal|94\/100 tox|[from] psn
|upkeep
|turn|12
|choice|move leechlife|move oblivionwing
|
|move|p2a: Yveltal|Oblivion Wing|p1a: Kricketune
|-supereffective|p1a: Kricketune
|-damage|p1a: Kricketune|0 fnt
|-heal|p2a: Yveltal|99\/100 tox|[from] drain|[of] p1a: Kricketune
|faint|p1a: Kricketune
|
|-heal|p2a: Yveltal|100\/100 tox|[from] item: Leftovers
|-damage|p2a: Yveltal|88\/100 tox|[from] psn
|upkeep
|c|☆guccimanebrrr|nice toxic noob lol
|-message|rastafarisoldier lost due to inactivity.
|
|win|guccimanebrrr
|c|☆guccimanebrrr|loser lol
|raw|rastafarisoldier's rating: 1136 &rarr; <strong>1111<\/strong><br \/>(-25 for losing)
|raw|guccimanebrrr's rating: 1132 &rarr; <strong>1157<\/strong><br \/>(+25 for winning)
|c|☆guccimanebrrr|thanks fr the free win noob
|l|guccimanebrrr</script>
</div>
<div class="battle-log battle-log-inline"><div class="inner"><div class="chat"><small>rastafarisoldier joined.</small></div><div class="chat"><small>guccimanebrrr joined.</small></div><div style="padding:5px 0"><small>Format:</small> <br><strong>[Gen 7] Random Battle</strong></div><div class="rated"><strong>Rated battle</strong></div><div><small><em>Sleep Clause Mod:</em> Limit one foe put to sleep</small></div><div><small><em>HP Percentage Mod:</em> HP is shown in percentages</small></div><div>Battle between rastafarisoldier and guccimanebrrr started!</div><div class="spacer"></div><div>Go! Espeon!</div><div class="spacer"></div><div>guccimanebrrr sent out Farfetch'd!</div><h2>Turn 1</h2><div class="spacer"></div><div><span class="battle-nickname" title="Espeon">Espeon</span> used <strong>Psychic</strong>!</div><div><small>The opposing <span class="battle-nickname-foe" title="Farfetch'd">Farfetch'd</span> lost 61% of its health!</small><br></div><div><small>The opposing <span class="battle-nickname-foe" title="Farfetch'd">Farfetch'd</span>'s Special Defense fell! </small></div><div><small>[Opposing <span class="battle-nickname-foe" title="Farfetch'd">Farfetch'd</span>'s Defiant!]</small></div><div><small>The opposing <span class="battle-nickname-foe" title="Farfetch'd">Farfetch'd</span>'s Attack rose sharply! </small></div><div class="spacer"></div><div>The opposing <span class="battle-nickname-foe" title="Farfetch'd">Farfetch'd</span> used <strong>Swords Dance</strong>!</div><div><small>The opposing <span class="battle-nickname-foe" title="Farfetch'd">Farfetch'd</span>'s Attack rose sharply! </small></div><h2>Turn 2</h2><div class="spacer"></div><div><span class="battle-nickname" title="Espeon">Espeon</span> used <strong>Psychic</strong>!</div><div><small>The opposing <span class="battle-nickname-foe" title="Farfetch'd">Farfetch'd</span> lost 39% of its health!</small><br></div><div class="spacer"></div><div>The opposing <span class="battle-nickname-foe" title="Farfetch'd">Farfetch'd</span> fainted!</div><div class="spacer"></div><div>guccimanebrrr sent out Shiinotic!</div><h2>Turn 3</h2><div class="spacer"></div><div><span class="battle-nickname" title="Espeon">Espeon</span> used <strong>Substitute</strong>!</div><div><small><span class="battle-nickname" title="Espeon">Espeon</span> put in a substitute!</small></div><div><small><span class="battle-nickname" title="Espeon">Espeon</span> lost 24% of its health!</small><br></div><div class="spacer"></div><div>The opposing <span class="battle-nickname-foe" title="Shiinotic">Shiinotic</span> used <strong>Substitute</strong>!</div><div><small>The opposing <span class="battle-nickname-foe" title="Shiinotic">Shiinotic</span> put in a substitute!</small></div><div><small>The opposing <span class="battle-nickname-foe" title="Shiinotic">Shiinotic</span> lost 25% of its health!</small><br></div><div class="spacer"></div><div><small><span class="battle-nickname" title="Espeon">Espeon</span> restored a little HP using its Leftovers!</small></div><div><small>The opposing <span class="battle-nickname-foe" title="Shiinotic">Shiinotic</span> restored a little HP using its Leftovers!</small></div><h2>Turn 4</h2><div class="spacer"></div><div><span class="battle-nickname" title="Espeon">Espeon</span> used <strong>Psychic</strong>!</div><div><small>The opposing <span class="battle-nickname-foe" title="Shiinotic">Shiinotic</span>'s substitute faded!</small></div><div class="spacer"></div><div>The opposing <span class="battle-nickname-foe" title="Shiinotic">Shiinotic</span> used <strong>Strength Sap</strong>!</div><div><small>[<span class="battle-nickname" title="Espeon">Espeon</span>'s Magic Bounce!]</small></div><div><span class="battle-nickname" title="Espeon">Espeon</span> bounced the Strength Sap back!</div><div><small>The opposing <span class="battle-nickname-foe" title="Shiinotic">Shiinotic</span>'s Attack fell! </small></div><div><small><span class="battle-nickname" title="Espeon">Espeon</span> restored its HP.</small></div><div class="spacer"></div><div><small>The opposing <span class="battle-nickname-foe" title="Shiinotic">Shiinotic</span> restored a little HP using its Leftovers!</small></div><h2>Turn 5</h2><div class="spacer"></div><div><span class="battle-nickname" title="Espeon">Espeon</span> used <strong>Psychic</strong>!</div><div><small>The opposing <span class="battle-nickname-foe" title="Shiinotic">Shiinotic</span> lost 42% of its health!</small><br></div><div class="spacer"></div><div>The opposing <span class="battle-nickname-foe" title="Shiinotic">Shiinotic</span> used <strong>Moonblast</strong>!</div><div><small><span class="battle-nickname" title="Espeon">Espeon</span>'s substitute faded!</small></div><div class="spacer"></div><div><small>The opposing <span class="battle-nickname-foe" title="Shiinotic">Shiinotic</span> restored a little HP using its Leftovers!</small></div><h2>Turn 6</h2><div class="spacer"></div><div><span class="battle-nickname" title="Espeon">Espeon</span> used <strong>Psychic</strong>!</div><div><small>A critical hit! </small><small>The opposing <span class="battle-nickname-foe" title="Shiinotic">Shiinotic</span> lost 53% of its health!</small><br></div><div class="spacer"></div><div>The opposing <span class="battle-nickname-foe" title="Shiinotic">Shiinotic</span> fainted!</div><div class="spacer"></div><div>guccimanebrrr sent out Carracosta!</div><h2>Turn 7</h2><div class="spacer"></div><div><span class="battle-nickname" title="Espeon">Espeon</span> used <strong>Psychic</strong>!</div><div><small>The opposing <span class="battle-nickname-foe" title="Carracosta">Carracosta</span> lost 51% of its health!</small><br></div><div class="spacer"></div><div>The opposing <span class="battle-nickname-foe" title="Carracosta">Carracosta</span> used <strong>Shell Smash</strong>!</div><div><small>The opposing <span class="battle-nickname-foe" title="Carracosta">Carracosta</span>'s Defense fell! The opposing <span class="battle-nickname-foe" title="Carracosta">Carracosta</span>'s Special Defense fell! </small></div><div><small>The opposing <span class="battle-nickname-foe" title="Carracosta">Carracosta</span>'s Attack rose sharply! The opposing <span class="battle-nickname-foe" title="Carracosta">Carracosta</span>'s Special Attack rose sharply! The opposing <span class="battle-nickname-foe" title="Carracosta">Carracosta</span>'s Speed rose sharply! </small></div><div><small>The opposing <span class="battle-nickname-foe" title="Carracosta">Carracosta</span> returned its status to normal using its White Herb!</small></div><h2>Turn 8</h2><div class="spacer"></div><div><span class="battle-nickname" title="Espeon">Espeon</span> used <strong>Psychic</strong>!</div><div><small>The opposing <span class="battle-nickname-foe" title="Carracosta">Carracosta</span> lost 49% of its health!</small><br></div><div class="spacer"></div><div>The opposing <span class="battle-nickname-foe" title="Carracosta">Carracosta</span> fainted!</div><div class="chat message-error">Battle timer is ON: inactive players will automatically lose when time's up. (requested by rastafarisoldier)</div><div class="chat chatmessage-rastafarisoldier"><strong style="color:hsl(228,32.492356%,48.507644%);"><small>☆</small><span class="username" data-name="rastafarisoldier">rastafarisoldier</span>:</strong> <em>way 2 gready</em></div><div class="chat chatmessage-rastafarisoldier"><strong style="color:hsl(228,32.492356%,48.507644%);"><small>☆</small><span class="username" data-name="rastafarisoldier">rastafarisoldier</span>:</strong> <em>noob</em></div><div class="chat chatmessage-rastafarisoldier"><strong style="color:hsl(228,32.492356%,48.507644%);"><small>☆</small><span class="username" data-name="rastafarisoldier">rastafarisoldier</span>:</strong> <em>eZ</em></div><div class="spacer"></div><div>guccimanebrrr sent out Yveltal!</div><div><small>[Opposing <span class="battle-nickname-foe" title="Yveltal">Yveltal</span>'s Dark Aura!]</small></div><div><small>The opposing <span class="battle-nickname-foe" title="Yveltal">Yveltal</span> is radiating a dark aura!</small></div><h2>Turn 9</h2><div class="chat chatmessage-guccimanebrrr"><strong style="color:hsl(61,96.31507017777777%,32.68492982222223%);"><small>☆</small><span class="username" data-name="guccimanebrrr">guccimanebrrr</span>:</strong> <em>its a fake game lol</em></div><div class="chat chatmessage-guccimanebrrr"><strong style="color:hsl(61,96.31507017777777%,32.68492982222223%);"><small>☆</small><span class="username" data-name="guccimanebrrr">guccimanebrrr</span>:</strong> <em>get a life o one cares</em></div><div class="spacer"></div><div><span class="battle-nickname" title="Espeon">Espeon</span> used <strong>Dazzling Gleam</strong>!</div><div><small>It's super effective! </small><small>The opposing <span class="battle-nickname-foe" title="Yveltal">Yveltal</span> lost 38% of its health!</small><br></div><div class="spacer"></div><div>The opposing <span class="battle-nickname-foe" title="Yveltal">Yveltal</span> used <strong>Dark Pulse</strong>!</div><div><small>It's super effective! </small><small><span class="battle-nickname" title="Espeon">Espeon</span> lost 100% of its health!</small><br></div><div class="spacer"></div><div><span class="battle-nickname" title="Espeon">Espeon</span> fainted!</div><div class="spacer"></div><div><small>The opposing <span class="battle-nickname-foe" title="Yveltal">Yveltal</span> restored a little HP using its Leftovers!</small></div><div class="chat chatmessage-rastafarisoldier"><strong style="color:hsl(228,32.492356%,48.507644%);"><small>☆</small><span class="username" data-name="rastafarisoldier">rastafarisoldier</span>:</strong> <em>you are playing this fake game.. idit</em></div><div class="chat chatmessage-rastafarisoldier"><strong style="color:hsl(228,32.492356%,48.507644%);"><small>☆</small><span class="username" data-name="rastafarisoldier">rastafarisoldier</span>:</strong> <em>still beat ya cunt</em></div><div class="chat chatmessage-guccimanebrrr"><strong style="color:hsl(61,96.31507017777777%,32.68492982222223%);"><small>☆</small><span class="username" data-name="guccimanebrrr">guccimanebrrr</span>:</strong> <em>are you 11 lol</em></div><div class="spacer"></div><div>Go! Phione!</div><h2>Turn 10</h2><div class="spacer"></div><div>The opposing <span class="battle-nickname-foe" title="Yveltal">Yveltal</span> used <strong>Oblivion Wing</strong>!</div><div><small><span class="battle-nickname" title="Phione">Phione</span> lost 36% of its health!</small><br></div><div><small><span class="battle-nickname" title="Phione">Phione</span> had its energy drained!</small></div><div class="spacer"></div><div><span class="battle-nickname" title="Phione">Phione</span> used <strong>U-turn</strong>!</div><div><small>The opposing <span class="battle-nickname-foe" title="Yveltal">Yveltal</span> lost 14% of its health!</small><br></div><div class="spacer"></div><div><span class="battle-nickname" title="Phione">Phione</span> went back to rastafarisoldier!</div><div class="spacer"></div><div>Go! Kricketune!</div><div class="spacer"></div><div><small>The opposing <span class="battle-nickname-foe" title="Yveltal">Yveltal</span> restored a little HP using its Leftovers!</small></div><h2>Turn 11</h2><div class="spacer"></div><div>The opposing <span class="battle-nickname-foe" title="Yveltal">Yveltal</span> used <strong>Oblivion Wing</strong>!</div><div><small>It's super effective! </small><small><span class="battle-nickname" title="Kricketune">Kricketune</span> lost 96% of its health!</small><br></div><div><small><span class="battle-nickname" title="Kricketune">Kricketune</span> had its energy drained!</small></div><div class="spacer"></div><div><span class="battle-nickname" title="Kricketune">Kricketune</span> used <strong>Toxic</strong>!</div><div><small>The opposing <span class="battle-nickname-foe" title="Yveltal">Yveltal</span> was badly poisoned!</small></div><div class="spacer"></div><div><small><span class="battle-nickname" title="Kricketune">Kricketune</span> restored a little HP using its Leftovers!</small></div><div><small>The opposing <span class="battle-nickname-foe" title="Yveltal">Yveltal</span> was hurt by poison!</small></div><h2>Turn 12</h2><div class="spacer"></div><div>The opposing <span class="battle-nickname-foe" title="Yveltal">Yveltal</span> used <strong>Oblivion Wing</strong>!</div><div><small>It's super effective! </small><small><span class="battle-nickname" title="Kricketune">Kricketune</span> lost 10% of its health!</small><br></div><div><small><span class="battle-nickname" title="Kricketune">Kricketune</span> had its energy drained!</small></div><div class="spacer"></div><div><span class="battle-nickname" title="Kricketune">Kricketune</span> fainted!</div><div class="spacer"></div><div><small>The opposing <span class="battle-nickname-foe" title="Yveltal">Yveltal</span> restored a little HP using its Leftovers!</small></div><div><small>The opposing <span class="battle-nickname-foe" title="Yveltal">Yveltal</span> was hurt by poison!</small></div><div class="chat chatmessage-guccimanebrrr"><strong style="color:hsl(61,96.31507017777777%,32.68492982222223%);"><small>☆</small><span class="username" data-name="guccimanebrrr">guccimanebrrr</span>:</strong> <em>nice toxic noob lol</em></div><div><small>rastafarisoldier lost due to inactivity.</small></div><div class="spacer"></div><div>guccimanebrrr won the battle!</div><div class="chat chatmessage-guccimanebrrr"><strong style="color:hsl(61,96.31507017777777%,32.68492982222223%);"><small>☆</small><span class="username" data-name="guccimanebrrr">guccimanebrrr</span>:</strong> <em>loser lol</em></div><div class="chat">rastafarisoldier's rating: 1136 → <strong>1111</strong><br>(-25 for losing)</div><div class="chat">guccimanebrrr's rating: 1132 → <strong>1157</strong><br>(+25 for winning)</div><div class="chat chatmessage-guccimanebrrr"><strong style="color:hsl(61,96.31507017777777%,32.68492982222223%);"><small>☆</small><span class="username" data-name="guccimanebrrr">guccimanebrrr</span>:</strong> <em>thanks fr the free win noob</em></div><div class="chat"><small>guccimanebrrr left.</small></div></div></div>
</div>
<script>
var daily = Math.floor(Date.now()/1000/60/60/24);document.write('<script src="https://play.pokemonshowdown.com/js/replay-embed.js?version'+daily+'"></'+'script>');
</script>
