<!DOCTYPE html>
<meta charset="utf-8" />
<!-- version 1 -->
<title>[Gen 7] Random Battle replay: protesttheburied vs. NewBlueLightning</title>
<style>
html,body {font-family:Verdana, sans-serif;font-size:10pt;margin:0;padding:0;}body{padding:12px 0;} .battle-log {font-family:Verdana, sans-serif;font-size:10pt;} .battle-log-inline {border:1px solid #AAAAAA;background:#EEF2F5;color:black;max-width:640px;margin:0 auto 80px;padding-bottom:5px;} .battle-log .inner {padding:4px 8px 0px 8px;} .battle-log .inner-preempt {padding:0 8px 4px 8px;} .battle-log .inner-after {margin-top:0.5em;} .battle-log h2 {margin:0.5em -8px;padding:4px 8px;border:1px solid #AAAAAA;background:#E0E7EA;border-left:0;border-right:0;font-family:Verdana, sans-serif;font-size:13pt;} .battle-log .chat {vertical-align:middle;padding:3px 0 3px 0;font-size:8pt;} .battle-log .chat strong {color:#40576A;} .battle-log .chat em {padding:1px 4px 1px 3px;color:#000000;font-style:normal;} .chat.mine {background:rgba(0,0,0,0.05);margin-left:-8px;margin-right:-8px;padding-left:8px;padding-right:8px;} .spoiler {color:#BBBBBB;background:#BBBBBB;padding:0px 3px;} .spoiler:hover, .spoiler:active, .spoiler-shown {color:#000000;background:#E2E2E2;padding:0px 3px;} .spoiler a {color:#BBBBBB;} .spoiler:hover a, .spoiler:active a, .spoiler-shown a {color:#2288CC;} .chat code, .chat .spoiler:hover code, .chat .spoiler:active code, .chat .spoiler-shown code {border:1px solid #C0C0C0;background:#EEEEEE;color:black;padding:0 2px;} .chat .spoiler code {border:1px solid #CCCCCC;background:#CCCCCC;color:#CCCCCC;} .battle-log .rated {padding:3px 4px;} .battle-log .rated strong {color:white;background:#89A;padding:1px 4px;border-radius:4px;} .spacer {margin-top:0.5em;} .message-announce {background:#6688AA;color:white;padding:1px 4px 2px;} .message-announce a, .broadcast-green a, .broadcast-blue a, .broadcast-red a {color:#DDEEFF;} .broadcast-green {background-color:#559955;color:white;padding:2px 4px;} .broadcast-blue {background-color:#6688AA;color:white;padding:2px 4px;} .infobox {border:1px solid #6688AA;padding:2px 4px;} .infobox-limited {max-height:200px;overflow:auto;overflow-x:hidden;} .broadcast-red {background-color:#AA5544;color:white;padding:2px 4px;} .message-learn-canlearn {font-weight:bold;color:#228822;text-decoration:underline;} .message-learn-cannotlearn {font-weight:bold;color:#CC2222;text-decoration:underline;} .message-effect-weak {font-weight:bold;color:#CC2222;} .message-effect-resist {font-weight:bold;color:#6688AA;} .message-effect-immune {font-weight:bold;color:#666666;} .message-learn-list {margin-top:0;margin-bottom:0;} .message-throttle-notice, .message-error {color:#992222;} .message-overflow, .chat small.message-overflow {font-size:0pt;} .message-overflow::before {font-size:9pt;content:'...';} .subtle {color:#3A4A66;}
</style>
<div class="wrapper replay-wrapper" style="max-width:1180px;margin:0 auto">
<input type="hidden" name="replayid" value="gen7randombattle-566895656" />
<div class="battle"></div><div class="battle-log"></div><div class="replay-controls"></div><div class="replay-controls-2"></div>
<h1 style="font-weight:normal;text-align:center"><strong>[Gen 7] Random Battle</strong><br /><a href="http://pokemonshowdown.com/users/protesttheburied" class="subtle" target="_blank">protesttheburied</a> vs. <a href="http://pokemonshowdown.com/users/newbluelightning" class="subtle" target="_blank">NewBlueLightning</a></h1>
<script type="text/plain" class="battle-log-data">|j|protesttheburied
|j|NewBlueLightning
|player|p1|protesttheburied|266
|player|p2|NewBlueLightning|102
|gametype|singles
|gen|7
|tier|[Gen 7] Random Battle
|rated
|seed|30880,15760,53958,16238,62147,28544,1268,36663,46761,22340,60072,15446
|rule|Sleep Clause Mod: Limit one foe put to sleep
|rule|HP Percentage Mod: HP is shown in percentages
|
|start
|switch|p1a: Cinccino|Cinccino, L79, F|100\/100
|switch|p2a: Jellicent|Jellicent, L79, M|100\/100
|turn|1
|choice|move bulletseed|move scald
|
|move|p1a: Cinccino|Bullet Seed|p2a: Jellicent
|-supereffective|p2a: Jellicent
|-damage|p2a: Jellicent|79\/100
|-supereffective|p2a: Jellicent
|-damage|p2a: Jellicent|57\/100
|-supereffective|p2a: Jellicent
|-damage|p2a: Jellicent|37\/100
|-supereffective|p2a: Jellicent
|-damage|p2a: Jellicent|15\/100
|-supereffective|p2a: Jellicent
|-damage|p2a: Jellicent|0 fnt
|-hitcount|p2a: Jellicent|5
|faint|p2a: Jellicent
|
|upkeep
|choice||switch 2
|
|switch|p2a: Meganium|Meganium, L79, M|100\/100
|turn|2
|choice|switch 2|move gigadrain
|
|switch|p1a: Luvdisc|Luvdisc, L79, M|100\/100
|move|p2a: Meganium|Giga Drain|p1a: Luvdisc
|-supereffective|p1a: Luvdisc
|-damage|p1a: Luvdisc|10\/100
|
|-heal|p1a: Luvdisc|16\/100|[from] item: Leftovers
|upkeep
|turn|3
|choice|move sweetkiss|move gigadrain
|
|move|p1a: Luvdisc|Sweet Kiss|p2a: Meganium
|-start|p2a: Meganium|confusion
|-activate|p2a: Meganium|confusion
|move|p2a: Meganium|Giga Drain|p1a: Luvdisc
|-supereffective|p1a: Luvdisc
|-damage|p1a: Luvdisc|0 fnt
|faint|p1a: Luvdisc
|
|upkeep
|choice|switch 2|
|
|switch|p1a: Cinccino|Cinccino, L79, F|100\/100
|turn|4
|choice|move uturn|switch 6
|
|switch|p2a: Snorlax|Snorlax, L79, F|100\/100
|move|p1a: Cinccino|U-turn|p2a: Snorlax
|-damage|p2a: Snorlax|80\/100
|choice|switch 4|
|
|switch|p1a: Gyarados|Gyarados, L76, M|100\/100
|
|-heal|p2a: Snorlax|86\/100|[from] item: Leftovers
|upkeep
|turn|5
|choice|move dragondance|move bodyslam
|
|move|p1a: Gyarados|Dragon Dance|p1a: Gyarados
|-boost|p1a: Gyarados|atk|1
|-boost|p1a: Gyarados|spe|1
|move|p2a: Snorlax|Body Slam|p1a: Gyarados
|-damage|p1a: Gyarados|64\/100
|
|-heal|p1a: Gyarados|70\/100|[from] item: Leftovers
|-heal|p2a: Snorlax|92\/100|[from] item: Leftovers
|upkeep
|turn|6
|choice|move waterfall|move bodyslam
|
|move|p1a: Gyarados|Waterfall|p2a: Snorlax
|-damage|p2a: Snorlax|48\/100
|move|p2a: Snorlax|Body Slam|p1a: Gyarados
|-damage|p1a: Gyarados|31\/100
|
|-heal|p1a: Gyarados|37\/100|[from] item: Leftovers
|-heal|p2a: Snorlax|54\/100|[from] item: Leftovers
|upkeep
|turn|7
|choice|move dragondance|move bodyslam
|
|move|p1a: Gyarados|Dragon Dance|p1a: Gyarados
|-boost|p1a: Gyarados|atk|1
|-boost|p1a: Gyarados|spe|1
|move|p2a: Snorlax|Body Slam|p1a: Gyarados
|-damage|p1a: Gyarados|0 fnt
|faint|p1a: Gyarados
|
|-heal|p2a: Snorlax|60\/100|[from] item: Leftovers
|upkeep
|-message|protesttheburied forfeited.
|
|win|NewBlueLightning
|l|protesttheburied</script>
</div>
<div class="battle-log battle-log-inline"><div class="inner"><div class="chat"><small>protesttheburied joined.</small></div><div class="chat"><small>NewBlueLightning joined.</small></div><div style="padding:5px 0"><small>Format:</small> <br><strong>[Gen 7] Random Battle</strong></div><div class="rated"><strong>Rated battle</strong></div><div><small><em>Sleep Clause Mod:</em> Limit one foe put to sleep</small></div><div><small><em>HP Percentage Mod:</em> HP is shown in percentages</small></div><div>Battle between protesttheburied and NewBlueLightning started!</div><div class="spacer"></div><div>Go! Cinccino!</div><div class="spacer"></div><div>NewBlueLightning sent out Jellicent!</div><h2>Turn 1</h2><div class="spacer"></div><div><span class="battle-nickname" title="Cinccino">Cinccino</span> used <strong>Bullet Seed</strong>!</div><div><small>It's super effective! </small><small>The opposing <span class="battle-nickname-foe" title="Jellicent">Jellicent</span> lost 21% of its health!</small><br></div><div><small>It's super effective! </small><small>The opposing <span class="battle-nickname-foe" title="Jellicent">Jellicent</span> lost 22% of its health!</small><br></div><div><small>It's super effective! </small><small>The opposing <span class="battle-nickname-foe" title="Jellicent">Jellicent</span> lost 19% of its health!</small><br></div><div><small>It's super effective! </small><small>The opposing <span class="battle-nickname-foe" title="Jellicent">Jellicent</span> lost 22% of its health!</small><br></div><div><small>It's super effective! </small><small>The opposing <span class="battle-nickname-foe" title="Jellicent">Jellicent</span> lost 15% of its health!</small><br></div><div><small>Hit 5 times!</small></div><div class="spacer"></div><div>The opposing <span class="battle-nickname-foe" title="Jellicent">Jellicent</span> fainted!</div><div class="spacer"></div><div>NewBlueLightning sent out Meganium!</div><h2>Turn 2</h2><div class="spacer"></div><div><span class="battle-nickname" title="Cinccino">Cinccino</span>, come back!</div><div class="spacer"></div><div>Go! Luvdisc!</div><div class="spacer"></div><div>The opposing <span class="battle-nickname-foe" title="Meganium">Meganium</span> used <strong>Giga Drain</strong>!</div><div><small>It's super effective! </small><small><span class="battle-nickname" title="Luvdisc">Luvdisc</span> lost 90% of its health!</small><br></div><div class="spacer"></div><div><small><span class="battle-nickname" title="Luvdisc">Luvdisc</span> restored a little HP using its Leftovers!</small></div><h2>Turn 3</h2><div class="spacer"></div><div><span class="battle-nickname" title="Luvdisc">Luvdisc</span> used <strong>Sweet Kiss</strong>!</div><div><small>The opposing <span class="battle-nickname-foe" title="Meganium">Meganium</span> became confused!</small></div><div><small>The opposing <span class="battle-nickname-foe" title="Meganium">Meganium</span> is confused!</small></div><div class="spacer"></div><div>The opposing <span class="battle-nickname-foe" title="Meganium">Meganium</span> used <strong>Giga Drain</strong>!</div><div><small>It's super effective! </small><small><span class="battle-nickname" title="Luvdisc">Luvdisc</span> lost 16% of its health!</small><br></div><div class="spacer"></div><div><span class="battle-nickname" title="Luvdisc">Luvdisc</span> fainted!</div><div class="spacer"></div><div>Go! Cinccino!</div><h2>Turn 4</h2><div class="spacer"></div><div>NewBlueLightning withdrew Meganium!</div><div class="spacer"></div><div>NewBlueLightning sent out Snorlax!</div><div class="spacer"></div><div><span class="battle-nickname" title="Cinccino">Cinccino</span> used <strong>U-turn</strong>!</div><div><small>The opposing <span class="battle-nickname-foe" title="Snorlax">Snorlax</span> lost 20% of its health!</small><br></div><div class="spacer"></div><div><span class="battle-nickname" title="Cinccino">Cinccino</span> went back to protesttheburied!</div><div class="spacer"></div><div>Go! Gyarados!</div><div class="spacer"></div><div><small>The opposing <span class="battle-nickname-foe" title="Snorlax">Snorlax</span> restored a little HP using its Leftovers!</small></div><h2>Turn 5</h2><div class="spacer"></div><div><span class="battle-nickname" title="Gyarados">Gyarados</span> used <strong>Dragon Dance</strong>!</div><div><small><span class="battle-nickname" title="Gyarados">Gyarados</span>'s Attack rose! <span class="battle-nickname" title="Gyarados">Gyarados</span>'s Speed rose! </small></div><div class="spacer"></div><div>The opposing <span class="battle-nickname-foe" title="Snorlax">Snorlax</span> used <strong>Body Slam</strong>!</div><div><small><span class="battle-nickname" title="Gyarados">Gyarados</span> lost 36% of its health!</small><br></div><div class="spacer"></div><div><small><span class="battle-nickname" title="Gyarados">Gyarados</span> restored a little HP using its Leftovers!</small></div><div><small>The opposing <span class="battle-nickname-foe" title="Snorlax">Snorlax</span> restored a little HP using its Leftovers!</small></div><h2>Turn 6</h2><div class="spacer"></div><div><span class="battle-nickname" title="Gyarados">Gyarados</span> used <strong>Waterfall</strong>!</div><div><small>The opposing <span class="battle-nickname-foe" title="Snorlax">Snorlax</span> lost 44% of its health!</small><br></div><div class="spacer"></div><div>The opposing <span class="battle-nickname-foe" title="Snorlax">Snorlax</span> used <strong>Body Slam</strong>!</div><div><small><span class="battle-nickname" title="Gyarados">Gyarados</span> lost 39% of its health!</small><br></div><div class="spacer"></div><div><small><span class="battle-nickname" title="Gyarados">Gyarados</span> restored a little HP using its Leftovers!</small></div><div><small>The opposing <span class="battle-nickname-foe" title="Snorlax">Snorlax</span> restored a little HP using its Leftovers!</small></div><h2>Turn 7</h2><div class="spacer"></div><div><span class="battle-nickname" title="Gyarados">Gyarados</span> used <strong>Dragon Dance</strong>!</div><div><small><span class="battle-nickname" title="Gyarados">Gyarados</span>'s Attack rose! <span class="battle-nickname" title="Gyarados">Gyarados</span>'s Speed rose! </small></div><div class="spacer"></div><div>The opposing <span class="battle-nickname-foe" title="Snorlax">Snorlax</span> used <strong>Body Slam</strong>!</div><div><small><span class="battle-nickname" title="Gyarados">Gyarados</span> lost 37% of its health!</small><br></div><div class="spacer"></div><div><span class="battle-nickname" title="Gyarados">Gyarados</span> fainted!</div><div class="spacer"></div><div><small>The opposing <span class="battle-nickname-foe" title="Snorlax">Snorlax</span> restored a little HP using its Leftovers!</small></div><div><small>protesttheburied forfeited.</small></div><div class="spacer"></div><div>NewBlueLightning won the battle!</div><div class="chat"><small>protesttheburied left.</small></div></div></div>
</div>
<script>
var daily = Math.floor(Date.now()/1000/60/60/24);document.write('<script src="https://play.pokemonshowdown.com/js/replay-embed.js?version'+daily+'"></'+'script>');
</script>
