<!DOCTYPE html>
<meta charset="utf-8" />
<!-- version 1 -->
<title>[Gen 7] Random Battle replay: junkxxxxx vs. pozeton0707</title>
<style>
html,body {font-family:Verdana, sans-serif;font-size:10pt;margin:0;padding:0;}body{padding:12px 0;} .battle-log {font-family:Verdana, sans-serif;font-size:10pt;} .battle-log-inline {border:1px solid #AAAAAA;background:#EEF2F5;color:black;max-width:640px;margin:0 auto 80px;padding-bottom:5px;} .battle-log .inner {padding:4px 8px 0px 8px;} .battle-log .inner-preempt {padding:0 8px 4px 8px;} .battle-log .inner-after {margin-top:0.5em;} .battle-log h2 {margin:0.5em -8px;padding:4px 8px;border:1px solid #AAAAAA;background:#E0E7EA;border-left:0;border-right:0;font-family:Verdana, sans-serif;font-size:13pt;} .battle-log .chat {vertical-align:middle;padding:3px 0 3px 0;font-size:8pt;} .battle-log .chat strong {color:#40576A;} .battle-log .chat em {padding:1px 4px 1px 3px;color:#000000;font-style:normal;} .chat.mine {background:rgba(0,0,0,0.05);margin-left:-8px;margin-right:-8px;padding-left:8px;padding-right:8px;} .spoiler {color:#BBBBBB;background:#BBBBBB;padding:0px 3px;} .spoiler:hover, .spoiler:active, .spoiler-shown {color:#000000;background:#E2E2E2;padding:0px 3px;} .spoiler a {color:#BBBBBB;} .spoiler:hover a, .spoiler:active a, .spoiler-shown a {color:#2288CC;} .chat code, .chat .spoiler:hover code, .chat .spoiler:active code, .chat .spoiler-shown code {border:1px solid #C0C0C0;background:#EEEEEE;color:black;padding:0 2px;} .chat .spoiler code {border:1px solid #CCCCCC;background:#CCCCCC;color:#CCCCCC;} .battle-log .rated {padding:3px 4px;} .battle-log .rated strong {color:white;background:#89A;padding:1px 4px;border-radius:4px;} .spacer {margin-top:0.5em;} .message-announce {background:#6688AA;color:white;padding:1px 4px 2px;} .message-announce a, .broadcast-green a, .broadcast-blue a, .broadcast-red a {color:#DDEEFF;} .broadcast-green {background-color:#559955;color:white;padding:2px 4px;} .broadcast-blue {background-color:#6688AA;color:white;padding:2px 4px;} .infobox {border:1px solid #6688AA;padding:2px 4px;} .infobox-limited {max-height:200px;overflow:auto;overflow-x:hidden;} .broadcast-red {background-color:#AA5544;color:white;padding:2px 4px;} .message-learn-canlearn {font-weight:bold;color:#228822;text-decoration:underline;} .message-learn-cannotlearn {font-weight:bold;color:#CC2222;text-decoration:underline;} .message-effect-weak {font-weight:bold;color:#CC2222;} .message-effect-resist {font-weight:bold;color:#6688AA;} .message-effect-immune {font-weight:bold;color:#666666;} .message-learn-list {margin-top:0;margin-bottom:0;} .message-throttle-notice, .message-error {color:#992222;} .message-overflow, .chat small.message-overflow {font-size:0pt;} .message-overflow::before {font-size:9pt;content:'...';} .subtle {color:#3A4A66;}
</style>
<div class="wrapper replay-wrapper" style="max-width:1180px;margin:0 auto">
<input type="hidden" name="replayid" value="gen7randombattle-566851906" />
<div class="battle"></div><div class="battle-log"></div><div class="replay-controls"></div><div class="replay-controls-2"></div>
<h1 style="font-weight:normal;text-align:center"><strong>[Gen 7] Random Battle</strong><br /><a href="http://pokemonshowdown.com/users/junkxxxxx" class="subtle" target="_blank">junkxxxxx</a> vs. <a href="http://pokemonshowdown.com/users/pozeton0707" class="subtle" target="_blank">pozeton0707</a></h1>
<script type="text/plain" class="battle-log-data">|j|junkxxxxx
|j|pozeton0707
|player|p1|junkxxxxx|78
|player|p2|pozeton0707|266
|gametype|singles
|gen|7
|tier|[Gen 7] Random Battle
|rated
|seed|24047,33724,20590,63689,4278,50543,39930,37533,50205,55165,62112,26533
|rule|Sleep Clause Mod: Limit one foe put to sleep
|rule|HP Percentage Mod: HP is shown in percentages
|
|start
|switch|p1a: Jynx|Jynx, L79, F|100\/100
|switch|p2a: Porygon2|Porygon2, L79|100\/100
|-ability|p2a: Porygon2|Download|boost
|-boost|p2a: Porygon2|atk|1
|turn|1
|inactive|Battle timer is ON: inactive players will automatically lose when time's up. (requested by junkxxxxx)
|choice|move trick|switch 5
|
|switch|p2a: Tapu Lele|Tapu Lele, L75|100\/100
|-fieldstart|move: Psychic Terrain|[from] ability: Psychic Surge|[of] p2a: Tapu Lele
|move|p1a: Jynx|Trick|p2a: Tapu Lele
|-activate|p1a: Jynx|move: Trick|[of] p2a: Tapu Lele
|-item|p2a: Tapu Lele|Choice Specs|[from] move: Trick
|-item|p1a: Jynx|Life Orb|[from] move: Trick
|
|upkeep
|turn|2
|choice|move icebeam|move moonblast
|
|move|p1a: Jynx|Ice Beam|p2a: Tapu Lele
|-damage|p2a: Tapu Lele|54\/100
|-damage|p1a: Jynx|91\/100|[from] item: Life Orb
|move|p2a: Tapu Lele|Moonblast|p1a: Jynx
|-damage|p1a: Jynx|20\/100
|-unboost|p1a: Jynx|spa|1
|
|upkeep
|turn|3
|choice|move icebeam|switch 2
|
|switch|p2a: Machamp|Machamp, L79, F|100\/100
|move|p1a: Jynx|Ice Beam|p2a: Machamp
|-damage|p2a: Machamp|67\/100
|-damage|p1a: Jynx|10\/100|[from] item: Life Orb
|
|-heal|p2a: Machamp|74\/100|[from] item: Leftovers
|upkeep
|turn|4
|choice|move psyshock|move bulletpunch
|
|move|p2a: Machamp|Bullet Punch|p1a: Jynx
|-activate|p1a: Jynx|move: Psychic Terrain
|move|p1a: Jynx|Psyshock|p2a: Machamp
|-supereffective|p2a: Machamp
|-damage|p2a: Machamp|0 fnt
|-damage|p1a: Jynx|0 fnt|[from] item: Life Orb
|faint|p2a: Machamp
|faint|p1a: Jynx
|
|upkeep
|choice|switch 6|switch 5
|
|switch|p1a: Greninja|Greninja, L75, M|100\/100
|switch|p2a: Porygon2|Porygon2, L79|100\/100
|-ability|p2a: Porygon2|Download|boost
|-boost|p2a: Porygon2|atk|1
|turn|5
|choice|move uturn|move thunderbolt
|
|move|p1a: Greninja|U-turn|p2a: Porygon2
|-start|p1a: Greninja|typechange|Bug|[from] Protean
|-damage|p2a: Porygon2|84\/100
|choice|switch 5|
|
|switch|p1a: Dugtrio|Dugtrio-Alola, L79, M|100\/100
|move|p2a: Porygon2|Thunderbolt|p1a: Dugtrio
|-immune|p1a: Dugtrio|[msg]
|
|-fieldend|move: Psychic Terrain
|upkeep
|turn|6
|choice|move earthquake|switch 4
|
|switch|p2a: Zapdos|Zapdos, L75|100\/100
|move|p1a: Dugtrio|Earthquake|p2a: Zapdos
|-immune|p2a: Zapdos|[msg]
|
|upkeep
|turn|7
|choice|switch 4|move heatwave
|
|switch|p1a: Drampa|Drampa, L79, F|100\/100
|move|p2a: Zapdos|Heat Wave|p1a: Drampa
|-resisted|p1a: Drampa
|-damage|p1a: Drampa|82\/100
|-damage|p2a: Zapdos|91\/100|[from] item: Life Orb
|
|-heal|p1a: Drampa|87\/100|[from] item: Leftovers
|upkeep
|turn|8
|choice|move hypervoice|move uturn
|
|move|p2a: Zapdos|U-turn|p1a: Drampa
|-damage|p1a: Drampa|66\/100
|-damage|p2a: Zapdos|81\/100|[from] item: Life Orb
|choice||switch 4
|
|switch|p2a: Porygon2|Porygon2, L79|84\/100
|-ability|p2a: Porygon2|Download|boost
|-boost|p2a: Porygon2|atk|1
|move|p1a: Drampa|Hyper Voice|p2a: Porygon2
|-damage|p2a: Porygon2|55\/100
|
|-heal|p1a: Drampa|72\/100|[from] item: Leftovers
|upkeep
|turn|9
|choice|move glare|move recover
|
|move|p2a: Porygon2|Recover|p2a: Porygon2
|-heal|p2a: Porygon2|100\/100
|move|p1a: Drampa|Glare|p2a: Porygon2
|-status|p2a: Porygon2|par
|
|-heal|p1a: Drampa|78\/100|[from] item: Leftovers
|upkeep
|turn|10
|choice|move hypervoice|move toxic
|
|move|p1a: Drampa|Hyper Voice|p2a: Porygon2
|-damage|p2a: Porygon2|71\/100 par
|move|p2a: Porygon2|Toxic|p1a: Drampa
|-status|p1a: Drampa|tox
|
|-heal|p1a: Drampa|84\/100 tox|[from] item: Leftovers
|-damage|p1a: Drampa|78\/100 tox|[from] psn
|upkeep
|turn|11
|choice|move hypervoice|move recover
|
|move|p1a: Drampa|Hyper Voice|p2a: Porygon2
|-damage|p2a: Porygon2|44\/100 par
|move|p2a: Porygon2|Recover|p2a: Porygon2
|-heal|p2a: Porygon2|94\/100 par
|
|-heal|p1a: Drampa|84\/100 tox|[from] item: Leftovers
|-damage|p1a: Drampa|72\/100 tox|[from] psn
|upkeep
|turn|12
|choice|move hypervoice|move triattack
|
|move|p1a: Drampa|Hyper Voice|p2a: Porygon2
|-damage|p2a: Porygon2|65\/100 par
|move|p2a: Porygon2|Tri Attack|p1a: Drampa
|-damage|p1a: Drampa|42\/100 tox
|
|-heal|p1a: Drampa|48\/100 tox|[from] item: Leftovers
|-damage|p1a: Drampa|30\/100 tox|[from] psn
|upkeep
|turn|13
|choice|move hypervoice|move recover
|
|move|p1a: Drampa|Hyper Voice|p2a: Porygon2
|-damage|p2a: Porygon2|38\/100 par
|move|p2a: Porygon2|Recover|p2a: Porygon2
|-heal|p2a: Porygon2|88\/100 par
|
|-heal|p1a: Drampa|36\/100 tox|[from] item: Leftovers
|-damage|p1a: Drampa|12\/100 tox|[from] psn
|upkeep
|turn|14
|choice|move dracometeor|move recover
|
|move|p1a: Drampa|Draco Meteor|p2a: Porygon2
|-damage|p2a: Porygon2|47\/100 par
|-unboost|p1a: Drampa|spa|2
|move|p2a: Porygon2|Recover|p2a: Porygon2
|-heal|p2a: Porygon2|97\/100 par
|
|-heal|p1a: Drampa|18\/100 tox|[from] item: Leftovers
|-damage|p1a: Drampa|0 fnt|[from] psn
|upkeep
|faint|p1a: Drampa
|choice|switch 5|
|
|switch|p1a: Greninja|Greninja, L75, M|100\/100
|turn|15
|choice|move taunt|switch 6
|
|switch|p2a: Jumpluff|Jumpluff, L79, M|100\/100
|move|p1a: Greninja|Taunt|p2a: Jumpluff
|-start|p1a: Greninja|typechange|Dark|[from] Protean
|-start|p2a: Jumpluff|move: Taunt
|
|upkeep
|turn|16
|choice|move icebeam|move uturn
|
|move|p1a: Greninja|Ice Beam|p2a: Jumpluff
|-start|p1a: Greninja|typechange|Ice|[from] Protean
|-supereffective|p2a: Jumpluff
|-damage|p2a: Jumpluff|0 fnt
|faint|p2a: Jumpluff
|
|upkeep
|choice||switch 2
|
|switch|p2a: Tapu Lele|Tapu Lele, L75|54\/100
|-fieldstart|move: Psychic Terrain|[from] ability: Psychic Surge|[of] p2a: Tapu Lele
|turn|17
|choice|move uturn|move focusblast
|
|move|p1a: Greninja|U-turn|p2a: Tapu Lele
|-start|p1a: Greninja|typechange|Bug|[from] Protean
|-damage|p2a: Tapu Lele|21\/100
|choice|switch 2|
|
|switch|p1a: Chatot|Chatot, L79, F|100\/100
|move|p2a: Tapu Lele|Focus Blast|p1a: Chatot
|-damage|p1a: Chatot|16\/100
|
|upkeep
|turn|18
|choice|move boomburst|switch 4
|
|switch|p2a: Zapdos|Zapdos, L75|81\/100
|move|p1a: Chatot|Boomburst|p2a: Zapdos
|-damage|p2a: Zapdos|27\/100
|
|upkeep
|turn|19
|choice|move boomburst|move heatwave
|
|move|p1a: Chatot|Boomburst|p2a: Zapdos
|-damage|p2a: Zapdos|0 fnt
|faint|p2a: Zapdos
|
|upkeep
|choice||switch 6
|
|switch|p2a: Porygon2|Porygon2, L79|97\/100 par
|-ability|p2a: Porygon2|Download|boost
|-boost|p2a: Porygon2|spa|1
|turn|20
|choice|move boomburst|move triattack
|
|move|p1a: Chatot|Boomburst|p2a: Porygon2
|-damage|p2a: Porygon2|67\/100 par
|cant|p2a: Porygon2|par
|
|upkeep
|turn|21
|choice|switch 4|move recover
|
|switch|p1a: Dugtrio|Dugtrio-Alola, L79, M|100\/100
|move|p2a: Porygon2|Recover|p2a: Porygon2
|-heal|p2a: Porygon2|100\/100 par
|
|-fieldend|move: Psychic Terrain
|upkeep
|turn|22
|choice|move earthquake|move triattack
|
|move|p1a: Dugtrio|Earthquake|p2a: Porygon2
|-damage|p2a: Porygon2|75\/100 par
|move|p2a: Porygon2|Tri Attack|p1a: Dugtrio
|-resisted|p1a: Dugtrio
|-damage|p1a: Dugtrio|63\/100
|
|upkeep
|turn|23
|choice|move earthquake|move triattack
|
|move|p1a: Dugtrio|Earthquake|p2a: Porygon2
|-damage|p2a: Porygon2|50\/100 par
|move|p2a: Porygon2|Tri Attack|p1a: Dugtrio
|-resisted|p1a: Dugtrio
|-damage|p1a: Dugtrio|20\/100
|
|upkeep
|turn|24
|choice|move reversal|move recover
|
|move|p1a: Dugtrio|Reversal|p2a: Porygon2
|-supereffective|p2a: Porygon2
|-damage|p2a: Porygon2|15\/100 par
|move|p2a: Porygon2|Recover|p2a: Porygon2
|-heal|p2a: Porygon2|65\/100 par
|
|upkeep
|turn|25
|choice|move reversal|move recover
|
|move|p1a: Dugtrio|Reversal|p2a: Porygon2
|-supereffective|p2a: Porygon2
|-damage|p2a: Porygon2|28\/100 par
|move|p2a: Porygon2|Recover|p2a: Porygon2
|-heal|p2a: Porygon2|78\/100 par
|
|upkeep
|turn|26
|choice|move reversal|move triattack
|
|move|p1a: Dugtrio|Reversal|p2a: Porygon2
|-supereffective|p2a: Porygon2
|-damage|p2a: Porygon2|47\/100 par
|move|p2a: Porygon2|Tri Attack|p1a: Dugtrio
|-resisted|p1a: Dugtrio
|-damage|p1a: Dugtrio|0 fnt
|faint|p1a: Dugtrio
|
|upkeep
|choice|switch 2|
|
|switch|p1a: Greninja|Greninja, L75, M|100\/100
|turn|27
|choice|move taunt|move triattack
|
|move|p1a: Greninja|Taunt|p2a: Porygon2
|-start|p1a: Greninja|typechange|Dark|[from] Protean
|-start|p2a: Porygon2|move: Taunt
|move|p2a: Porygon2|Tri Attack|p1a: Greninja
|-damage|p1a: Greninja|32\/100
|
|-heal|p1a: Greninja|38\/100|[from] item: Leftovers
|upkeep
|turn|28
|choice|move uturn|move triattack
|
|move|p1a: Greninja|U-turn|p2a: Porygon2
|-start|p1a: Greninja|typechange|Bug|[from] Protean
|-damage|p2a: Porygon2|31\/100 par
|choice|switch 3|
|
|switch|p1a: Swanna|Swanna, L79, F|100\/100
|move|p2a: Porygon2|Tri Attack|p1a: Swanna
|-damage|p1a: Swanna|35\/100
|
|-heal|p1a: Swanna|41\/100|[from] item: Leftovers
|upkeep
|turn|29
|choice|move scald|move thunderbolt
|
|move|p1a: Swanna|Scald|p2a: Porygon2
|-damage|p2a: Porygon2|12\/100 par
|move|p2a: Porygon2|Thunderbolt|p1a: Swanna
|-supereffective|p1a: Swanna
|-damage|p1a: Swanna|0 fnt
|faint|p1a: Swanna
|
|-end|p2a: Porygon2|move: Taunt
|upkeep
|choice|switch 4|
|
|switch|p1a: Chatot|Chatot, L79, F|16\/100
|turn|30
|choice|move boomburst|move recover
|
|move|p1a: Chatot|Boomburst|p2a: Porygon2
|-damage|p2a: Porygon2|0 fnt
|faint|p2a: Porygon2
|
|upkeep
|choice||switch 3
|
|switch|p2a: Zekrom|Zekrom, L73|100\/100
|-ability|p2a: Zekrom|Teravolt
|turn|31
|c|☆junkxxxxx|it shocks me to realize how much this game hates me
|choice|move boomburst|move dragonclaw
|
|move|p1a: Chatot|Boomburst|p2a: Zekrom
|-damage|p2a: Zekrom|55\/100
|move|p2a: Zekrom|Dragon Claw|p1a: Chatot
|-damage|p1a: Chatot|0 fnt
|faint|p1a: Chatot
|
|upkeep
|choice|switch 3|
|
|switch|p1a: Greninja|Greninja, L75, M|38\/100
|turn|32
|choice|move icebeam|switch 4
|
|switch|p2a: Tapu Lele|Tapu Lele, L75|21\/100
|-fieldstart|move: Psychic Terrain|[from] ability: Psychic Surge|[of] p2a: Tapu Lele
|move|p1a: Greninja|Ice Beam|p2a: Tapu Lele
|-start|p1a: Greninja|typechange|Ice|[from] Protean
|-damage|p2a: Tapu Lele|0 fnt
|faint|p2a: Tapu Lele
|
|-heal|p1a: Greninja|44\/100|[from] item: Leftovers
|upkeep
|-message|pozeton0707 forfeited.
|
|win|junkxxxxx
|l|pozeton0707</script>
</div>
<div class="battle-log battle-log-inline"><div class="inner"><div class="chat"><small>junkxxxxx joined.</small></div><div class="chat"><small>pozeton0707 joined.</small></div><div style="padding:5px 0"><small>Format:</small> <br><strong>[Gen 7] Random Battle</strong></div><div class="rated"><strong>Rated battle</strong></div><div><small><em>Sleep Clause Mod:</em> Limit one foe put to sleep</small></div><div><small><em>HP Percentage Mod:</em> HP is shown in percentages</small></div><div>Battle between junkxxxxx and pozeton0707 started!</div><div class="spacer"></div><div>Go! Jynx!</div><div class="spacer"></div><div>pozeton0707 sent out Porygon2!</div><div><small>[Opposing <span class="battle-nickname-foe" title="Porygon2">Porygon2</span>'s Download!]</small></div><div><small>The opposing <span class="battle-nickname-foe" title="Porygon2">Porygon2</span>'s Attack rose! </small></div><h2>Turn 1</h2><div class="chat message-error">Battle timer is ON: inactive players will automatically lose when time's up. (requested by junkxxxxx)</div><div class="spacer"></div><div>pozeton0707 withdrew Porygon2!</div><div class="spacer"></div><div>pozeton0707 sent out Tapu Lele!</div><div><small>[Opposing <span class="battle-nickname-foe" title="Tapu Lele">Tapu Lele</span>'s Psychic Surge!]</small></div><div><small>The battlefield got weird!</small></div><div class="spacer"></div><div><span class="battle-nickname" title="Jynx">Jynx</span> used <strong>Trick</strong>!</div><div><small><span class="battle-nickname" title="Jynx">Jynx</span> switched items with its target!</small></div><div><small>The opposing <span class="battle-nickname-foe" title="Tapu Lele">Tapu Lele</span> obtained one Choice Specs.</small></div><div><small><span class="battle-nickname" title="Jynx">Jynx</span> obtained one Life Orb.</small></div><h2>Turn 2</h2><div class="spacer"></div><div><span class="battle-nickname" title="Jynx">Jynx</span> used <strong>Ice Beam</strong>!</div><div><small>The opposing <span class="battle-nickname-foe" title="Tapu Lele">Tapu Lele</span> lost 46% of its health!</small><br></div><div><small><span class="battle-nickname" title="Jynx">Jynx</span> lost some of its HP!</small></div><div class="spacer"></div><div>The opposing <span class="battle-nickname-foe" title="Tapu Lele">Tapu Lele</span> used <strong>Moonblast</strong>!</div><div><small><span class="battle-nickname" title="Jynx">Jynx</span> lost 71% of its health!</small><br></div><div><small><span class="battle-nickname" title="Jynx">Jynx</span>'s Special Attack fell! </small></div><h2>Turn 3</h2><div class="spacer"></div><div>pozeton0707 withdrew Tapu Lele!</div><div class="spacer"></div><div>pozeton0707 sent out Machamp!</div><div class="spacer"></div><div><span class="battle-nickname" title="Jynx">Jynx</span> used <strong>Ice Beam</strong>!</div><div><small>The opposing <span class="battle-nickname-foe" title="Machamp">Machamp</span> lost 33% of its health!</small><br></div><div><small><span class="battle-nickname" title="Jynx">Jynx</span> lost some of its HP!</small></div><div class="spacer"></div><div><small>The opposing <span class="battle-nickname-foe" title="Machamp">Machamp</span> restored a little HP using its Leftovers!</small></div><h2>Turn 4</h2><div class="spacer"></div><div>The opposing <span class="battle-nickname-foe" title="Machamp">Machamp</span> used <strong>Bullet Punch</strong>!</div><div><small><span class="battle-nickname" title="Jynx">Jynx</span> surrounds itself with psychic terrain!</small></div><div class="spacer"></div><div><span class="battle-nickname" title="Jynx">Jynx</span> used <strong>Psyshock</strong>!</div><div><small>It's super effective! </small><small>The opposing <span class="battle-nickname-foe" title="Machamp">Machamp</span> lost 74% of its health!</small><br></div><div><small><span class="battle-nickname" title="Jynx">Jynx</span> lost some of its HP!</small></div><div class="spacer"></div><div>The opposing <span class="battle-nickname-foe" title="Machamp">Machamp</span> fainted!</div><div class="spacer"></div><div><span class="battle-nickname" title="Jynx">Jynx</span> fainted!</div><div class="spacer"></div><div>Go! Greninja!</div><div class="spacer"></div><div>pozeton0707 sent out Porygon2!</div><div><small>[Opposing <span class="battle-nickname-foe" title="Porygon2">Porygon2</span>'s Download!]</small></div><div><small>The opposing <span class="battle-nickname-foe" title="Porygon2">Porygon2</span>'s Attack rose! </small></div><h2>Turn 5</h2><div class="spacer"></div><div><span class="battle-nickname" title="Greninja">Greninja</span> used <strong>U-turn</strong>!</div><div><small>[<span class="battle-nickname" title="Greninja">Greninja</span>'s Protean!]</small></div><div><small><span class="battle-nickname" title="Greninja">Greninja</span> transformed into the Bug type!</small></div><div><small>The opposing <span class="battle-nickname-foe" title="Porygon2">Porygon2</span> lost 16% of its health!</small><br></div><div class="spacer"></div><div><span class="battle-nickname" title="Greninja">Greninja</span> went back to junkxxxxx!</div><div class="spacer"></div><div>Go! <span class="battle-nickname" title="Dugtrio-Alola">Dugtrio <small>(Dugtrio-Alola)</small></span>!</div><div class="spacer"></div><div>The opposing <span class="battle-nickname-foe" title="Porygon2">Porygon2</span> used <strong>Thunderbolt</strong>!</div><div><small>It doesn't affect <span class="battle-nickname" title="Dugtrio-Alola">Dugtrio</span>... </small></div><div class="spacer"></div><div><small>The weirdness disappeared from the battlefield!</small></div><h2>Turn 6</h2><div class="spacer"></div><div>pozeton0707 withdrew Porygon2!</div><div class="spacer"></div><div>pozeton0707 sent out Zapdos!</div><div class="spacer"></div><div><span class="battle-nickname" title="Dugtrio-Alola">Dugtrio</span> used <strong>Earthquake</strong>!</div><div><small>It doesn't affect the opposing <span class="battle-nickname-foe" title="Zapdos">Zapdos</span>... </small></div><h2>Turn 7</h2><div class="spacer"></div><div><span class="battle-nickname" title="Dugtrio-Alola">Dugtrio</span>, come back!</div><div class="spacer"></div><div>Go! Drampa!</div><div class="spacer"></div><div>The opposing <span class="battle-nickname-foe" title="Zapdos">Zapdos</span> used <strong>Heat Wave</strong>!</div><div><small>It's not very effective... </small><small><span class="battle-nickname" title="Drampa">Drampa</span> lost 18% of its health!</small><br></div><div><small>The opposing <span class="battle-nickname-foe" title="Zapdos">Zapdos</span> lost some of its HP!</small></div><div class="spacer"></div><div><small><span class="battle-nickname" title="Drampa">Drampa</span> restored a little HP using its Leftovers!</small></div><h2>Turn 8</h2><div class="spacer"></div><div>The opposing <span class="battle-nickname-foe" title="Zapdos">Zapdos</span> used <strong>U-turn</strong>!</div><div><small><span class="battle-nickname" title="Drampa">Drampa</span> lost 21% of its health!</small><br></div><div><small>The opposing <span class="battle-nickname-foe" title="Zapdos">Zapdos</span> lost some of its HP!</small></div><div class="spacer"></div><div>The opposing <span class="battle-nickname-foe" title="Zapdos">Zapdos</span> went back to pozeton0707!</div><div class="spacer"></div><div>pozeton0707 sent out Porygon2!</div><div><small>[Opposing <span class="battle-nickname-foe" title="Porygon2">Porygon2</span>'s Download!]</small></div><div><small>The opposing <span class="battle-nickname-foe" title="Porygon2">Porygon2</span>'s Attack rose! </small></div><div class="spacer"></div><div><span class="battle-nickname" title="Drampa">Drampa</span> used <strong>Hyper Voice</strong>!</div><div><small>The opposing <span class="battle-nickname-foe" title="Porygon2">Porygon2</span> lost 29% of its health!</small><br></div><div class="spacer"></div><div><small><span class="battle-nickname" title="Drampa">Drampa</span> restored a little HP using its Leftovers!</small></div><h2>Turn 9</h2><div class="spacer"></div><div>The opposing <span class="battle-nickname-foe" title="Porygon2">Porygon2</span> used <strong>Recover</strong>!</div><div><small>The opposing <span class="battle-nickname-foe" title="Porygon2">Porygon2</span> restored its HP.</small></div><div class="spacer"></div><div><span class="battle-nickname" title="Drampa">Drampa</span> used <strong>Glare</strong>!</div><div><small>The opposing <span class="battle-nickname-foe" title="Porygon2">Porygon2</span> is paralyzed! It may be unable to move!</small></div><div class="spacer"></div><div><small><span class="battle-nickname" title="Drampa">Drampa</span> restored a little HP using its Leftovers!</small></div><h2>Turn 10</h2><div class="spacer"></div><div><span class="battle-nickname" title="Drampa">Drampa</span> used <strong>Hyper Voice</strong>!</div><div><small>The opposing <span class="battle-nickname-foe" title="Porygon2">Porygon2</span> lost 29% of its health!</small><br></div><div class="spacer"></div><div>The opposing <span class="battle-nickname-foe" title="Porygon2">Porygon2</span> used <strong>Toxic</strong>!</div><div><small><span class="battle-nickname" title="Drampa">Drampa</span> was badly poisoned!</small></div><div class="spacer"></div><div><small><span class="battle-nickname" title="Drampa">Drampa</span> restored a little HP using its Leftovers!</small></div><div><small><span class="battle-nickname" title="Drampa">Drampa</span> was hurt by poison!</small></div><h2>Turn 11</h2><div class="spacer"></div><div><span class="battle-nickname" title="Drampa">Drampa</span> used <strong>Hyper Voice</strong>!</div><div><small>The opposing <span class="battle-nickname-foe" title="Porygon2">Porygon2</span> lost 27% of its health!</small><br></div><div class="spacer"></div><div>The opposing <span class="battle-nickname-foe" title="Porygon2">Porygon2</span> used <strong>Recover</strong>!</div><div><small>The opposing <span class="battle-nickname-foe" title="Porygon2">Porygon2</span> restored its HP.</small></div><div class="spacer"></div><div><small><span class="battle-nickname" title="Drampa">Drampa</span> restored a little HP using its Leftovers!</small></div><div><small><span class="battle-nickname" title="Drampa">Drampa</span> was hurt by poison!</small></div><h2>Turn 12</h2><div class="spacer"></div><div><span class="battle-nickname" title="Drampa">Drampa</span> used <strong>Hyper Voice</strong>!</div><div><small>The opposing <span class="battle-nickname-foe" title="Porygon2">Porygon2</span> lost 29% of its health!</small><br></div><div class="spacer"></div><div>The opposing <span class="battle-nickname-foe" title="Porygon2">Porygon2</span> used <strong>Tri Attack</strong>!</div><div><small><span class="battle-nickname" title="Drampa">Drampa</span> lost 30% of its health!</small><br></div><div class="spacer"></div><div><small><span class="battle-nickname" title="Drampa">Drampa</span> restored a little HP using its Leftovers!</small></div><div><small><span class="battle-nickname" title="Drampa">Drampa</span> was hurt by poison!</small></div><h2>Turn 13</h2><div class="spacer"></div><div><span class="battle-nickname" title="Drampa">Drampa</span> used <strong>Hyper Voice</strong>!</div><div><small>The opposing <span class="battle-nickname-foe" title="Porygon2">Porygon2</span> lost 27% of its health!</small><br></div><div class="spacer"></div><div>The opposing <span class="battle-nickname-foe" title="Porygon2">Porygon2</span> used <strong>Recover</strong>!</div><div><small>The opposing <span class="battle-nickname-foe" title="Porygon2">Porygon2</span> restored its HP.</small></div><div class="spacer"></div><div><small><span class="battle-nickname" title="Drampa">Drampa</span> restored a little HP using its Leftovers!</small></div><div><small><span class="battle-nickname" title="Drampa">Drampa</span> was hurt by poison!</small></div><h2>Turn 14</h2><div class="spacer"></div><div><span class="battle-nickname" title="Drampa">Drampa</span> used <strong>Draco Meteor</strong>!</div><div><small>The opposing <span class="battle-nickname-foe" title="Porygon2">Porygon2</span> lost 41% of its health!</small><br></div><div><small><span class="battle-nickname" title="Drampa">Drampa</span>'s Special Attack fell harshly! </small></div><div class="spacer"></div><div>The opposing <span class="battle-nickname-foe" title="Porygon2">Porygon2</span> used <strong>Recover</strong>!</div><div><small>The opposing <span class="battle-nickname-foe" title="Porygon2">Porygon2</span> restored its HP.</small></div><div class="spacer"></div><div><small><span class="battle-nickname" title="Drampa">Drampa</span> restored a little HP using its Leftovers!</small></div><div><small><span class="battle-nickname" title="Drampa">Drampa</span> was hurt by poison!</small></div><div class="spacer"></div><div><span class="battle-nickname" title="Drampa">Drampa</span> fainted!</div><div class="spacer"></div><div>Go! Greninja!</div><h2>Turn 15</h2><div class="spacer"></div><div>pozeton0707 withdrew Porygon2!</div><div class="spacer"></div><div>pozeton0707 sent out Jumpluff!</div><div class="spacer"></div><div><span class="battle-nickname" title="Greninja">Greninja</span> used <strong>Taunt</strong>!</div><div><small>[<span class="battle-nickname" title="Greninja">Greninja</span>'s Protean!]</small></div><div><small><span class="battle-nickname" title="Greninja">Greninja</span> transformed into the Dark type!</small></div><div><small>The opposing <span class="battle-nickname-foe" title="Jumpluff">Jumpluff</span> fell for the taunt!</small></div><h2>Turn 16</h2><div class="spacer"></div><div><span class="battle-nickname" title="Greninja">Greninja</span> used <strong>Ice Beam</strong>!</div><div><small>[<span class="battle-nickname" title="Greninja">Greninja</span>'s Protean!]</small></div><div><small><span class="battle-nickname" title="Greninja">Greninja</span> transformed into the Ice type!</small></div><div><small>It's super effective! </small><small>The opposing <span class="battle-nickname-foe" title="Jumpluff">Jumpluff</span> lost 100% of its health!</small><br></div><div class="spacer"></div><div>The opposing <span class="battle-nickname-foe" title="Jumpluff">Jumpluff</span> fainted!</div><div class="spacer"></div><div>pozeton0707 sent out Tapu Lele!</div><div><small>[Opposing <span class="battle-nickname-foe" title="Tapu Lele">Tapu Lele</span>'s Psychic Surge!]</small></div><div><small>The battlefield got weird!</small></div><h2>Turn 17</h2><div class="spacer"></div><div><span class="battle-nickname" title="Greninja">Greninja</span> used <strong>U-turn</strong>!</div><div><small>[<span class="battle-nickname" title="Greninja">Greninja</span>'s Protean!]</small></div><div><small><span class="battle-nickname" title="Greninja">Greninja</span> transformed into the Bug type!</small></div><div><small>The opposing <span class="battle-nickname-foe" title="Tapu Lele">Tapu Lele</span> lost 33% of its health!</small><br></div><div class="spacer"></div><div><span class="battle-nickname" title="Greninja">Greninja</span> went back to junkxxxxx!</div><div class="spacer"></div><div>Go! Chatot!</div><div class="spacer"></div><div>The opposing <span class="battle-nickname-foe" title="Tapu Lele">Tapu Lele</span> used <strong>Focus Blast</strong>!</div><div><small><span class="battle-nickname" title="Chatot">Chatot</span> lost 84% of its health!</small><br></div><h2>Turn 18</h2><div class="spacer"></div><div>pozeton0707 withdrew Tapu Lele!</div><div class="spacer"></div><div>pozeton0707 sent out Zapdos!</div><div class="spacer"></div><div><span class="battle-nickname" title="Chatot">Chatot</span> used <strong>Boomburst</strong>!</div><div><small>The opposing <span class="battle-nickname-foe" title="Zapdos">Zapdos</span> lost 54% of its health!</small><br></div><h2>Turn 19</h2><div class="spacer"></div><div><span class="battle-nickname" title="Chatot">Chatot</span> used <strong>Boomburst</strong>!</div><div><small>The opposing <span class="battle-nickname-foe" title="Zapdos">Zapdos</span> lost 27% of its health!</small><br></div><div class="spacer"></div><div>The opposing <span class="battle-nickname-foe" title="Zapdos">Zapdos</span> fainted!</div><div class="spacer"></div><div>pozeton0707 sent out Porygon2!</div><div><small>[Opposing <span class="battle-nickname-foe" title="Porygon2">Porygon2</span>'s Download!]</small></div><div><small>The opposing <span class="battle-nickname-foe" title="Porygon2">Porygon2</span>'s Special Attack rose! </small></div><h2>Turn 20</h2><div class="spacer"></div><div><span class="battle-nickname" title="Chatot">Chatot</span> used <strong>Boomburst</strong>!</div><div><small>The opposing <span class="battle-nickname-foe" title="Porygon2">Porygon2</span> lost 30% of its health!</small><br></div><div class="spacer"></div><div>The opposing <span class="battle-nickname-foe" title="Porygon2">Porygon2</span> is paralyzed! It can't move!</div><h2>Turn 21</h2><div class="spacer"></div><div><span class="battle-nickname" title="Chatot">Chatot</span>, come back!</div><div class="spacer"></div><div>Go! <span class="battle-nickname" title="Dugtrio-Alola">Dugtrio <small>(Dugtrio-Alola)</small></span>!</div><div class="spacer"></div><div>The opposing <span class="battle-nickname-foe" title="Porygon2">Porygon2</span> used <strong>Recover</strong>!</div><div><small>The opposing <span class="battle-nickname-foe" title="Porygon2">Porygon2</span> restored its HP.</small></div><div class="spacer"></div><div><small>The weirdness disappeared from the battlefield!</small></div><h2>Turn 22</h2><div class="spacer"></div><div><span class="battle-nickname" title="Dugtrio-Alola">Dugtrio</span> used <strong>Earthquake</strong>!</div><div><small>The opposing <span class="battle-nickname-foe" title="Porygon2">Porygon2</span> lost 25% of its health!</small><br></div><div class="spacer"></div><div>The opposing <span class="battle-nickname-foe" title="Porygon2">Porygon2</span> used <strong>Tri Attack</strong>!</div><div><small>It's not very effective... </small><small><span class="battle-nickname" title="Dugtrio-Alola">Dugtrio</span> lost 37% of its health!</small><br></div><h2>Turn 23</h2><div class="spacer"></div><div><span class="battle-nickname" title="Dugtrio-Alola">Dugtrio</span> used <strong>Earthquake</strong>!</div><div><small>The opposing <span class="battle-nickname-foe" title="Porygon2">Porygon2</span> lost 25% of its health!</small><br></div><div class="spacer"></div><div>The opposing <span class="battle-nickname-foe" title="Porygon2">Porygon2</span> used <strong>Tri Attack</strong>!</div><div><small>It's not very effective... </small><small><span class="battle-nickname" title="Dugtrio-Alola">Dugtrio</span> lost 43% of its health!</small><br></div><h2>Turn 24</h2><div class="spacer"></div><div><span class="battle-nickname" title="Dugtrio-Alola">Dugtrio</span> used <strong>Reversal</strong>!</div><div><small>It's super effective! </small><small>The opposing <span class="battle-nickname-foe" title="Porygon2">Porygon2</span> lost 35% of its health!</small><br></div><div class="spacer"></div><div>The opposing <span class="battle-nickname-foe" title="Porygon2">Porygon2</span> used <strong>Recover</strong>!</div><div><small>The opposing <span class="battle-nickname-foe" title="Porygon2">Porygon2</span> restored its HP.</small></div><h2>Turn 25</h2><div class="spacer"></div><div><span class="battle-nickname" title="Dugtrio-Alola">Dugtrio</span> used <strong>Reversal</strong>!</div><div><small>It's super effective! </small><small>The opposing <span class="battle-nickname-foe" title="Porygon2">Porygon2</span> lost 37% of its health!</small><br></div><div class="spacer"></div><div>The opposing <span class="battle-nickname-foe" title="Porygon2">Porygon2</span> used <strong>Recover</strong>!</div><div><small>The opposing <span class="battle-nickname-foe" title="Porygon2">Porygon2</span> restored its HP.</small></div><h2>Turn 26</h2><div class="spacer"></div><div><span class="battle-nickname" title="Dugtrio-Alola">Dugtrio</span> used <strong>Reversal</strong>!</div><div><small>It's super effective! </small><small>The opposing <span class="battle-nickname-foe" title="Porygon2">Porygon2</span> lost 31% of its health!</small><br></div><div class="spacer"></div><div>The opposing <span class="battle-nickname-foe" title="Porygon2">Porygon2</span> used <strong>Tri Attack</strong>!</div><div><small>It's not very effective... </small><small><span class="battle-nickname" title="Dugtrio-Alola">Dugtrio</span> lost 20% of its health!</small><br></div><div class="spacer"></div><div><span class="battle-nickname" title="Dugtrio-Alola">Dugtrio</span> fainted!</div><div class="spacer"></div><div>Go! Greninja!</div><h2>Turn 27</h2><div class="spacer"></div><div><span class="battle-nickname" title="Greninja">Greninja</span> used <strong>Taunt</strong>!</div><div><small>[<span class="battle-nickname" title="Greninja">Greninja</span>'s Protean!]</small></div><div><small><span class="battle-nickname" title="Greninja">Greninja</span> transformed into the Dark type!</small></div><div><small>The opposing <span class="battle-nickname-foe" title="Porygon2">Porygon2</span> fell for the taunt!</small></div><div class="spacer"></div><div>The opposing <span class="battle-nickname-foe" title="Porygon2">Porygon2</span> used <strong>Tri Attack</strong>!</div><div><small><span class="battle-nickname" title="Greninja">Greninja</span> lost 68% of its health!</small><br></div><div class="spacer"></div><div><small><span class="battle-nickname" title="Greninja">Greninja</span> restored a little HP using its Leftovers!</small></div><h2>Turn 28</h2><div class="spacer"></div><div><span class="battle-nickname" title="Greninja">Greninja</span> used <strong>U-turn</strong>!</div><div><small>[<span class="battle-nickname" title="Greninja">Greninja</span>'s Protean!]</small></div><div><small><span class="battle-nickname" title="Greninja">Greninja</span> transformed into the Bug type!</small></div><div><small>The opposing <span class="battle-nickname-foe" title="Porygon2">Porygon2</span> lost 16% of its health!</small><br></div><div class="spacer"></div><div><span class="battle-nickname" title="Greninja">Greninja</span> went back to junkxxxxx!</div><div class="spacer"></div><div>Go! Swanna!</div><div class="spacer"></div><div>The opposing <span class="battle-nickname-foe" title="Porygon2">Porygon2</span> used <strong>Tri Attack</strong>!</div><div><small><span class="battle-nickname" title="Swanna">Swanna</span> lost 65% of its health!</small><br></div><div class="spacer"></div><div><small><span class="battle-nickname" title="Swanna">Swanna</span> restored a little HP using its Leftovers!</small></div><h2>Turn 29</h2><div class="spacer"></div><div><span class="battle-nickname" title="Swanna">Swanna</span> used <strong>Scald</strong>!</div><div><small>The opposing <span class="battle-nickname-foe" title="Porygon2">Porygon2</span> lost 19% of its health!</small><br></div><div class="spacer"></div><div>The opposing <span class="battle-nickname-foe" title="Porygon2">Porygon2</span> used <strong>Thunderbolt</strong>!</div><div><small>It's super effective! </small><small><span class="battle-nickname" title="Swanna">Swanna</span> lost 41% of its health!</small><br></div><div class="spacer"></div><div><span class="battle-nickname" title="Swanna">Swanna</span> fainted!</div><div class="spacer"></div><div><small>The opposing <span class="battle-nickname-foe" title="Porygon2">Porygon2</span>'s taunt wore off!</small></div><div class="spacer"></div><div>Go! Chatot!</div><h2>Turn 30</h2><div class="spacer"></div><div><span class="battle-nickname" title="Chatot">Chatot</span> used <strong>Boomburst</strong>!</div><div><small>The opposing <span class="battle-nickname-foe" title="Porygon2">Porygon2</span> lost 12% of its health!</small><br></div><div class="spacer"></div><div>The opposing <span class="battle-nickname-foe" title="Porygon2">Porygon2</span> fainted!</div><div class="spacer"></div><div>pozeton0707 sent out Zekrom!</div><div><small>[Opposing <span class="battle-nickname-foe" title="Zekrom">Zekrom</span>'s Teravolt!]</small></div><div><small>The opposing <span class="battle-nickname-foe" title="Zekrom">Zekrom</span> is radiating a bursting aura!</small></div><h2>Turn 31</h2><div class="chat chatmessage-junkxxxxx"><strong style="color:hsl(292,47.5830272%,46.4169728%);"><small>☆</small><span class="username" data-name="junkxxxxx">junkxxxxx</span>:</strong> <em>it shocks me to realize how much this game hates me</em></div><div class="spacer"></div><div><span class="battle-nickname" title="Chatot">Chatot</span> used <strong>Boomburst</strong>!</div><div><small>The opposing <span class="battle-nickname-foe" title="Zekrom">Zekrom</span> lost 45% of its health!</small><br></div><div class="spacer"></div><div>The opposing <span class="battle-nickname-foe" title="Zekrom">Zekrom</span> used <strong>Dragon Claw</strong>!</div><div><small><span class="battle-nickname" title="Chatot">Chatot</span> lost 16% of its health!</small><br></div><div class="spacer"></div><div><span class="battle-nickname" title="Chatot">Chatot</span> fainted!</div><div class="spacer"></div><div>Go! Greninja!</div><h2>Turn 32</h2><div class="spacer"></div><div>pozeton0707 withdrew Zekrom!</div><div class="spacer"></div><div>pozeton0707 sent out Tapu Lele!</div><div><small>[Opposing <span class="battle-nickname-foe" title="Tapu Lele">Tapu Lele</span>'s Psychic Surge!]</small></div><div><small>The battlefield got weird!</small></div><div class="spacer"></div><div><span class="battle-nickname" title="Greninja">Greninja</span> used <strong>Ice Beam</strong>!</div><div><small>[<span class="battle-nickname" title="Greninja">Greninja</span>'s Protean!]</small></div><div><small><span class="battle-nickname" title="Greninja">Greninja</span> transformed into the Ice type!</small></div><div><small>The opposing <span class="battle-nickname-foe" title="Tapu Lele">Tapu Lele</span> lost 21% of its health!</small><br></div><div class="spacer"></div><div>The opposing <span class="battle-nickname-foe" title="Tapu Lele">Tapu Lele</span> fainted!</div><div class="spacer"></div><div><small><span class="battle-nickname" title="Greninja">Greninja</span> restored a little HP using its Leftovers!</small></div><div><small>pozeton0707 forfeited.</small></div><div class="spacer"></div><div>junkxxxxx won the battle!</div><div class="chat"><small>pozeton0707 left.</small></div></div></div>
</div>
<script>
var daily = Math.floor(Date.now()/1000/60/60/24);document.write('<script src="https://play.pokemonshowdown.com/js/replay-embed.js?version'+daily+'"></'+'script>');
</script>
