<!DOCTYPE html>
<meta charset="utf-8" />
<!-- version 1 -->
<title>[Gen 7] Random Battle replay: MoxeyZ vs. TheMagicKarp151</title>
<style>
html,body {font-family:Verdana, sans-serif;font-size:10pt;margin:0;padding:0;}body{padding:12px 0;} .battle-log {font-family:Verdana, sans-serif;font-size:10pt;} .battle-log-inline {border:1px solid #AAAAAA;background:#EEF2F5;color:black;max-width:640px;margin:0 auto 80px;padding-bottom:5px;} .battle-log .inner {padding:4px 8px 0px 8px;} .battle-log .inner-preempt {padding:0 8px 4px 8px;} .battle-log .inner-after {margin-top:0.5em;} .battle-log h2 {margin:0.5em -8px;padding:4px 8px;border:1px solid #AAAAAA;background:#E0E7EA;border-left:0;border-right:0;font-family:Verdana, sans-serif;font-size:13pt;} .battle-log .chat {vertical-align:middle;padding:3px 0 3px 0;font-size:8pt;} .battle-log .chat strong {color:#40576A;} .battle-log .chat em {padding:1px 4px 1px 3px;color:#000000;font-style:normal;} .chat.mine {background:rgba(0,0,0,0.05);margin-left:-8px;margin-right:-8px;padding-left:8px;padding-right:8px;} .spoiler {color:#BBBBBB;background:#BBBBBB;padding:0px 3px;} .spoiler:hover, .spoiler:active, .spoiler-shown {color:#000000;background:#E2E2E2;padding:0px 3px;} .spoiler a {color:#BBBBBB;} .spoiler:hover a, .spoiler:active a, .spoiler-shown a {color:#2288CC;} .chat code, .chat .spoiler:hover code, .chat .spoiler:active code, .chat .spoiler-shown code {border:1px solid #C0C0C0;background:#EEEEEE;color:black;padding:0 2px;} .chat .spoiler code {border:1px solid #CCCCCC;background:#CCCCCC;color:#CCCCCC;} .battle-log .rated {padding:3px 4px;} .battle-log .rated strong {color:white;background:#89A;padding:1px 4px;border-radius:4px;} .spacer {margin-top:0.5em;} .message-announce {background:#6688AA;color:white;padding:1px 4px 2px;} .message-announce a, .broadcast-green a, .broadcast-blue a, .broadcast-red a {color:#DDEEFF;} .broadcast-green {background-color:#559955;color:white;padding:2px 4px;} .broadcast-blue {background-color:#6688AA;color:white;padding:2px 4px;} .infobox {border:1px solid #6688AA;padding:2px 4px;} .infobox-limited {max-height:200px;overflow:auto;overflow-x:hidden;} .broadcast-red {background-color:#AA5544;color:white;padding:2px 4px;} .message-learn-canlearn {font-weight:bold;color:#228822;text-decoration:underline;} .message-learn-cannotlearn {font-weight:bold;color:#CC2222;text-decoration:underline;} .message-effect-weak {font-weight:bold;color:#CC2222;} .message-effect-resist {font-weight:bold;color:#6688AA;} .message-effect-immune {font-weight:bold;color:#666666;} .message-learn-list {margin-top:0;margin-bottom:0;} .message-throttle-notice, .message-error {color:#992222;} .message-overflow, .chat small.message-overflow {font-size:0pt;} .message-overflow::before {font-size:9pt;content:'...';} .subtle {color:#3A4A66;}
</style>
<div class="wrapper replay-wrapper" style="max-width:1180px;margin:0 auto">
<input type="hidden" name="replayid" value="gen7randombattle-566890776" />
<div class="battle"></div><div class="battle-log"></div><div class="replay-controls"></div><div class="replay-controls-2"></div>
<h1 style="font-weight:normal;text-align:center"><strong>[Gen 7] Random Battle</strong><br /><a href="http://pokemonshowdown.com/users/moxeyz" class="subtle" target="_blank">MoxeyZ</a> vs. <a href="http://pokemonshowdown.com/users/themagickarp151" class="subtle" target="_blank">TheMagicKarp151</a></h1>
<script type="text/plain" class="battle-log-data">|j|MoxeyZ
|j|TheMagicKarp151
|player|p1|MoxeyZ|293
|player|p2|TheMagicKarp151|163
|gametype|singles
|gen|7
|tier|[Gen 7] Random Battle
|rated
|seed|16203,46241,6007,33465,64579,56823,56750,2183,52059,6825,29344,878
|rule|Sleep Clause Mod: Limit one foe put to sleep
|rule|HP Percentage Mod: HP is shown in percentages
|
|start
|switch|p1a: Girafarig|Girafarig, L75, M|100\/100
|switch|p2a: Arceus|Arceus-Fairy, L73|100\/100
|turn|1
|inactive|Battle timer is ON: inactive players will automatically lose when time's up. (requested by TheMagicKarp151)
|choice|move nastyplot|move willowisp
|
|move|p2a: Arceus|Will-O-Wisp|p1a: Girafarig
|-status|p1a: Girafarig|brn
|move|p1a: Girafarig|Nasty Plot|p1a: Girafarig
|-boost|p1a: Girafarig|spa|2
|
|-damage|p1a: Girafarig|94\/100 brn|[from] brn
|upkeep
|turn|2
|choice|move batonpass|move calmmind
|
|move|p2a: Arceus|Calm Mind|p2a: Arceus
|-boost|p2a: Arceus|spa|1
|-boost|p2a: Arceus|spd|1
|move|p1a: Girafarig|Baton Pass|p1a: Girafarig
|choice|switch 2|
|
|switch|p1a: Espeon|Espeon, L75, F|100\/100
|
|upkeep
|turn|3
|choice|move substitute|move calmmind
|
|move|p2a: Arceus|Calm Mind|p2a: Arceus
|-boost|p2a: Arceus|spa|1
|-boost|p2a: Arceus|spd|1
|move|p1a: Espeon|Substitute|p1a: Espeon
|-start|p1a: Espeon|Substitute
|-damage|p1a: Espeon|76\/100
|
|-heal|p1a: Espeon|81\/100|[from] item: Leftovers
|upkeep
|turn|4
|choice|move calmmind|move judgment
|
|move|p2a: Arceus|Judgment|p1a: Espeon
|-end|p1a: Espeon|Substitute
|move|p1a: Espeon|Calm Mind|p1a: Espeon
|-boost|p1a: Espeon|spa|1
|-boost|p1a: Espeon|spd|1
|
|-heal|p1a: Espeon|87\/100|[from] item: Leftovers
|upkeep
|turn|5
|choice|move psyshock|move judgment
|
|move|p2a: Arceus|Judgment|p1a: Espeon
|-damage|p1a: Espeon|19\/100
|move|p1a: Espeon|Psyshock|p2a: Arceus
|-damage|p2a: Arceus|30\/100
|
|-heal|p1a: Espeon|25\/100|[from] item: Leftovers
|upkeep
|turn|6
|choice|move batonpass|move judgment
|
|move|p2a: Arceus|Judgment|p1a: Espeon
|-damage|p1a: Espeon|0 fnt
|faint|p1a: Espeon
|
|upkeep
|choice|switch 5|
|
|switch|p1a: Gourgeist|Gourgeist, L79, F|100\/100
|turn|7
|choice|move seedbomb|move fireblast
|
|move|p2a: Arceus|Fire Blast|p1a: Gourgeist
|-supereffective|p1a: Gourgeist
|-damage|p1a: Gourgeist|0 fnt
|faint|p1a: Gourgeist
|
|upkeep
|choice|switch 6|
|
|switch|p1a: Tornadus|Tornadus, L78, M|100\/100
|turn|8
|choice|move superpower|move judgment
|
|move|p2a: Arceus|Judgment|p1a: Tornadus
|-damage|p1a: Tornadus|0 fnt
|faint|p1a: Tornadus
|
|upkeep
|choice|switch 2|
|
|switch|p1a: Girafarig|Girafarig, L75, M|94\/100 brn
|turn|9
|choice|move psyshock|move judgment
|
|move|p2a: Arceus|Judgment|p1a: Girafarig
|-damage|p1a: Girafarig|0 fnt
|faint|p1a: Girafarig
|
|upkeep
|choice|switch 3|
|
|switch|p1a: Spinda|Spinda, L79, F|100\/100
|turn|10
|choice|move return|move judgment
|
|move|p2a: Arceus|Judgment|p1a: Spinda
|-damage|p1a: Spinda|0 fnt
|faint|p1a: Spinda
|
|upkeep
|choice|switch 4|
|
|switch|p1a: Whimsicott|Whimsicott, L79, F|100\/100
|turn|11
|choice|move moonblast|move fireblast
|
|move|p1a: Whimsicott|Moonblast|p2a: Arceus
|-damage|p2a: Arceus|19\/100
|move|p2a: Arceus|Fire Blast|p1a: Whimsicott|[miss]
|-miss|p2a: Arceus|p1a: Whimsicott
|
|upkeep
|turn|12
|choice|move moonblast|move fireblast
|
|move|p1a: Whimsicott|Moonblast|p2a: Arceus
|-damage|p2a: Arceus|7\/100
|move|p2a: Arceus|Fire Blast|p1a: Whimsicott
|-supereffective|p1a: Whimsicott
|-damage|p1a: Whimsicott|0 fnt
|faint|p1a: Whimsicott
|
|win|TheMagicKarp151
|raw|MoxeyZ's rating: 1219 &rarr; <strong>1192<\/strong><br \/>(-27 for losing)
|raw|TheMagicKarp151's rating: 1193 &rarr; <strong>1220<\/strong><br \/>(+27 for winning)</script>
</div>
<div class="battle-log battle-log-inline"><div class="inner"><div class="chat"><small>MoxeyZ joined.</small></div><div class="chat"><small>TheMagicKarp151 joined.</small></div><div style="padding:5px 0"><small>Format:</small> <br><strong>[Gen 7] Random Battle</strong></div><div class="rated"><strong>Rated battle</strong></div><div><small><em>Sleep Clause Mod:</em> Limit one foe put to sleep</small></div><div><small><em>HP Percentage Mod:</em> HP is shown in percentages</small></div><div>Battle between MoxeyZ and TheMagicKarp151 started!</div><div class="spacer"></div><div>Go! Girafarig!</div><div class="spacer"></div><div>TheMagicKarp151 sent out <span class="battle-nickname-foe" title="Arceus-Fairy">Arceus <small>(Arceus-Fairy)</small></span>!</div><h2>Turn 1</h2><div class="chat message-error">Battle timer is ON: inactive players will automatically lose when time's up. (requested by TheMagicKarp151)</div><div class="spacer"></div><div>The opposing <span class="battle-nickname-foe" title="Arceus-Fairy">Arceus</span> used <strong>Will-O-Wisp</strong>!</div><div><small><span class="battle-nickname" title="Girafarig">Girafarig</span> was burned!</small></div><div class="spacer"></div><div><span class="battle-nickname" title="Girafarig">Girafarig</span> used <strong>Nasty Plot</strong>!</div><div><small><span class="battle-nickname" title="Girafarig">Girafarig</span>'s Special Attack rose sharply! </small></div><div class="spacer"></div><div><small><span class="battle-nickname" title="Girafarig">Girafarig</span> was hurt by its burn!</small></div><h2>Turn 2</h2><div class="spacer"></div><div>The opposing <span class="battle-nickname-foe" title="Arceus-Fairy">Arceus</span> used <strong>Calm Mind</strong>!</div><div><small>The opposing <span class="battle-nickname-foe" title="Arceus-Fairy">Arceus</span>'s Special Attack rose! The opposing <span class="battle-nickname-foe" title="Arceus-Fairy">Arceus</span>'s Special Defense rose! </small></div><div class="spacer"></div><div><span class="battle-nickname" title="Girafarig">Girafarig</span> used <strong>Baton Pass</strong>!</div><div class="spacer"></div><div>Go! Espeon!</div><h2>Turn 3</h2><div class="spacer"></div><div>The opposing <span class="battle-nickname-foe" title="Arceus-Fairy">Arceus</span> used <strong>Calm Mind</strong>!</div><div><small>The opposing <span class="battle-nickname-foe" title="Arceus-Fairy">Arceus</span>'s Special Attack rose! The opposing <span class="battle-nickname-foe" title="Arceus-Fairy">Arceus</span>'s Special Defense rose! </small></div><div class="spacer"></div><div><span class="battle-nickname" title="Espeon">Espeon</span> used <strong>Substitute</strong>!</div><div><small><span class="battle-nickname" title="Espeon">Espeon</span> put in a substitute!</small></div><div><small><span class="battle-nickname" title="Espeon">Espeon</span> lost 24% of its health!</small><br></div><div class="spacer"></div><div><small><span class="battle-nickname" title="Espeon">Espeon</span> restored a little HP using its Leftovers!</small></div><h2>Turn 4</h2><div class="spacer"></div><div>The opposing <span class="battle-nickname-foe" title="Arceus-Fairy">Arceus</span> used <strong>Judgment</strong>!</div><div><small><span class="battle-nickname" title="Espeon">Espeon</span>'s substitute faded!</small></div><div class="spacer"></div><div><span class="battle-nickname" title="Espeon">Espeon</span> used <strong>Calm Mind</strong>!</div><div><small><span class="battle-nickname" title="Espeon">Espeon</span>'s Special Attack rose! <span class="battle-nickname" title="Espeon">Espeon</span>'s Special Defense rose! </small></div><div class="spacer"></div><div><small><span class="battle-nickname" title="Espeon">Espeon</span> restored a little HP using its Leftovers!</small></div><h2>Turn 5</h2><div class="spacer"></div><div>The opposing <span class="battle-nickname-foe" title="Arceus-Fairy">Arceus</span> used <strong>Judgment</strong>!</div><div><small><span class="battle-nickname" title="Espeon">Espeon</span> lost 68% of its health!</small><br></div><div class="spacer"></div><div><span class="battle-nickname" title="Espeon">Espeon</span> used <strong>Psyshock</strong>!</div><div><small>The opposing <span class="battle-nickname-foe" title="Arceus-Fairy">Arceus</span> lost 70% of its health!</small><br></div><div class="spacer"></div><div><small><span class="battle-nickname" title="Espeon">Espeon</span> restored a little HP using its Leftovers!</small></div><h2>Turn 6</h2><div class="spacer"></div><div>The opposing <span class="battle-nickname-foe" title="Arceus-Fairy">Arceus</span> used <strong>Judgment</strong>!</div><div><small><span class="battle-nickname" title="Espeon">Espeon</span> lost 25% of its health!</small><br></div><div class="spacer"></div><div><span class="battle-nickname" title="Espeon">Espeon</span> fainted!</div><div class="spacer"></div><div>Go! Gourgeist!</div><h2>Turn 7</h2><div class="spacer"></div><div>The opposing <span class="battle-nickname-foe" title="Arceus-Fairy">Arceus</span> used <strong>Fire Blast</strong>!</div><div><small>It's super effective! </small><small><span class="battle-nickname" title="Gourgeist">Gourgeist</span> lost 100% of its health!</small><br></div><div class="spacer"></div><div><span class="battle-nickname" title="Gourgeist">Gourgeist</span> fainted!</div><div class="spacer"></div><div>Go! Tornadus!</div><h2>Turn 8</h2><div class="spacer"></div><div>The opposing <span class="battle-nickname-foe" title="Arceus-Fairy">Arceus</span> used <strong>Judgment</strong>!</div><div><small><span class="battle-nickname" title="Tornadus">Tornadus</span> lost 100% of its health!</small><br></div><div class="spacer"></div><div><span class="battle-nickname" title="Tornadus">Tornadus</span> fainted!</div><div class="spacer"></div><div>Go! Girafarig!</div><h2>Turn 9</h2><div class="spacer"></div><div>The opposing <span class="battle-nickname-foe" title="Arceus-Fairy">Arceus</span> used <strong>Judgment</strong>!</div><div><small><span class="battle-nickname" title="Girafarig">Girafarig</span> lost 94% of its health!</small><br></div><div class="spacer"></div><div><span class="battle-nickname" title="Girafarig">Girafarig</span> fainted!</div><div class="spacer"></div><div>Go! Spinda!</div><h2>Turn 10</h2><div class="spacer"></div><div>The opposing <span class="battle-nickname-foe" title="Arceus-Fairy">Arceus</span> used <strong>Judgment</strong>!</div><div><small><span class="battle-nickname" title="Spinda">Spinda</span> lost 100% of its health!</small><br></div><div class="spacer"></div><div><span class="battle-nickname" title="Spinda">Spinda</span> fainted!</div><div class="spacer"></div><div>Go! Whimsicott!</div><h2>Turn 11</h2><div class="spacer"></div><div><span class="battle-nickname" title="Whimsicott">Whimsicott</span> used <strong>Moonblast</strong>!</div><div><small>The opposing <span class="battle-nickname-foe" title="Arceus-Fairy">Arceus</span> lost 11% of its health!</small><br></div><div class="spacer"></div><div>The opposing <span class="battle-nickname-foe" title="Arceus-Fairy">Arceus</span> used <strong>Fire Blast</strong>!</div><div><small><span class="battle-nickname" title="Whimsicott">Whimsicott</span> avoided the attack!</small></div><h2>Turn 12</h2><div class="spacer"></div><div><span class="battle-nickname" title="Whimsicott">Whimsicott</span> used <strong>Moonblast</strong>!</div><div><small>The opposing <span class="battle-nickname-foe" title="Arceus-Fairy">Arceus</span> lost 12% of its health!</small><br></div><div class="spacer"></div><div>The opposing <span class="battle-nickname-foe" title="Arceus-Fairy">Arceus</span> used <strong>Fire Blast</strong>!</div><div><small>It's super effective! </small><small><span class="battle-nickname" title="Whimsicott">Whimsicott</span> lost 100% of its health!</small><br></div><div class="spacer"></div><div><span class="battle-nickname" title="Whimsicott">Whimsicott</span> fainted!</div><div class="spacer"></div><div>TheMagicKarp151 won the battle!</div><div class="chat">MoxeyZ's rating: 1219 → <strong>1192</strong><br>(-27 for losing)</div><div class="chat">TheMagicKarp151's rating: 1193 → <strong>1220</strong><br>(+27 for winning)</div></div></div>
</div>
<script>
var daily = Math.floor(Date.now()/1000/60/60/24);document.write('<script src="https://play.pokemonshowdown.com/js/replay-embed.js?version'+daily+'"></'+'script>');
</script>
