<!DOCTYPE html>
<meta charset="utf-8" />
<!-- version 1 -->
<title>[Gen 7] Random Battle replay: Konstructor vs. Refling</title>
<style>
html,body {font-family:Verdana, sans-serif;font-size:10pt;margin:0;padding:0;}body{padding:12px 0;} .battle-log {font-family:Verdana, sans-serif;font-size:10pt;} .battle-log-inline {border:1px solid #AAAAAA;background:#EEF2F5;color:black;max-width:640px;margin:0 auto 80px;padding-bottom:5px;} .battle-log .inner {padding:4px 8px 0px 8px;} .battle-log .inner-preempt {padding:0 8px 4px 8px;} .battle-log .inner-after {margin-top:0.5em;} .battle-log h2 {margin:0.5em -8px;padding:4px 8px;border:1px solid #AAAAAA;background:#E0E7EA;border-left:0;border-right:0;font-family:Verdana, sans-serif;font-size:13pt;} .battle-log .chat {vertical-align:middle;padding:3px 0 3px 0;font-size:8pt;} .battle-log .chat strong {color:#40576A;} .battle-log .chat em {padding:1px 4px 1px 3px;color:#000000;font-style:normal;} .chat.mine {background:rgba(0,0,0,0.05);margin-left:-8px;margin-right:-8px;padding-left:8px;padding-right:8px;} .spoiler {color:#BBBBBB;background:#BBBBBB;padding:0px 3px;} .spoiler:hover, .spoiler:active, .spoiler-shown {color:#000000;background:#E2E2E2;padding:0px 3px;} .spoiler a {color:#BBBBBB;} .spoiler:hover a, .spoiler:active a, .spoiler-shown a {color:#2288CC;} .chat code, .chat .spoiler:hover code, .chat .spoiler:active code, .chat .spoiler-shown code {border:1px solid #C0C0C0;background:#EEEEEE;color:black;padding:0 2px;} .chat .spoiler code {border:1px solid #CCCCCC;background:#CCCCCC;color:#CCCCCC;} .battle-log .rated {padding:3px 4px;} .battle-log .rated strong {color:white;background:#89A;padding:1px 4px;border-radius:4px;} .spacer {margin-top:0.5em;} .message-announce {background:#6688AA;color:white;padding:1px 4px 2px;} .message-announce a, .broadcast-green a, .broadcast-blue a, .broadcast-red a {color:#DDEEFF;} .broadcast-green {background-color:#559955;color:white;padding:2px 4px;} .broadcast-blue {background-color:#6688AA;color:white;padding:2px 4px;} .infobox {border:1px solid #6688AA;padding:2px 4px;} .infobox-limited {max-height:200px;overflow:auto;overflow-x:hidden;} .broadcast-red {background-color:#AA5544;color:white;padding:2px 4px;} .message-learn-canlearn {font-weight:bold;color:#228822;text-decoration:underline;} .message-learn-cannotlearn {font-weight:bold;color:#CC2222;text-decoration:underline;} .message-effect-weak {font-weight:bold;color:#CC2222;} .message-effect-resist {font-weight:bold;color:#6688AA;} .message-effect-immune {font-weight:bold;color:#666666;} .message-learn-list {margin-top:0;margin-bottom:0;} .message-throttle-notice, .message-error {color:#992222;} .message-overflow, .chat small.message-overflow {font-size:0pt;} .message-overflow::before {font-size:9pt;content:'...';} .subtle {color:#3A4A66;}
</style>
<div class="wrapper replay-wrapper" style="max-width:1180px;margin:0 auto">
<input type="hidden" name="replayid" value="pokeliga-gen7randombattle-13891" />
<div class="battle"></div><div class="battle-log"></div><div class="replay-controls"></div><div class="replay-controls-2"></div>
<h1 style="font-weight:normal;text-align:center"><strong>[Gen 7] Random Battle</strong><br /><a href="http://pokemonshowdown.com/users/konstructor" class="subtle" target="_blank">Konstructor</a> vs. <a href="http://pokemonshowdown.com/users/refling" class="subtle" target="_blank">Refling</a></h1>
<script type="text/plain" class="battle-log-data">|j|Konstructor
|j|Refling
|player|p1|Konstructor|228
|player|p2|Refling|104
|gametype|singles
|gen|7
|tier|[Gen 7] Random Battle
|seed|46800,25582,7164,10697,26131,53058,29766,1324,40980,11708,10828,52875
|rule|Sleep Clause Mod: Limit one foe put to sleep
|rule|HP Percentage Mod: HP is shown in percentages
|
|start
|switch|p1a: Arceus|Arceus-Fire, L73|100\/100
|switch|p2a: Pachirisu|Pachirisu, L79, F|100\/100
|turn|1
|c|☆Refling|Хорошее начало хд
|c|☆Konstructor|О да :"D
|choice|switch 6|switch 6
|
|switch|p1a: Spiritomb|Spiritomb, L79, F|100\/100
|switch|p2a: Nidoqueen|Nidoqueen, L79, F|100\/100
|
|upkeep
|turn|2
|choice|move willowisp|move stealthrock
|
|move|p2a: Nidoqueen|Stealth Rock|p1a: Spiritomb
|-sidestart|p1: Konstructor|move: Stealth Rock
|move|p1a: Spiritomb|Will-O-Wisp|p2a: Nidoqueen
|-status|p2a: Nidoqueen|brn
|
|-damage|p2a: Nidoqueen|94\/100 brn|[from] brn
|upkeep
|turn|3
|choice|move shadowsneak|move sludgewave
|
|move|p1a: Spiritomb|Shadow Sneak|p2a: Nidoqueen
|-damage|p2a: Nidoqueen|74\/100 brn
|-damage|p1a: Spiritomb|91\/100|[from] item: Life Orb
|move|p2a: Nidoqueen|Sludge Wave|p1a: Spiritomb
|-resisted|p1a: Spiritomb
|-damage|p1a: Spiritomb|66\/100
|
|-damage|p2a: Nidoqueen|68\/100 brn|[from] brn
|upkeep
|turn|4
|j|stayzi4
|choice|move suckerpunch|move earthpower
|
|move|p1a: Spiritomb|Sucker Punch|p2a: Nidoqueen
|-damage|p2a: Nidoqueen|37\/100 brn
|-damage|p1a: Spiritomb|56\/100|[from] item: Life Orb
|move|p2a: Nidoqueen|Earth Power|p1a: Spiritomb
|-damage|p1a: Spiritomb|2\/100
|
|-damage|p2a: Nidoqueen|31\/100 brn|[from] brn
|upkeep
|turn|5
|j|Deliann
|c|☆Refling|Я туплю хд
|c|+Deliann|куда дели арцеуса?
|c|☆Konstructor|Он устал!
|choice|move foulplay|switch 2
|
|switch|p2a: Farfetch'd|Farfetch'd, L79, F|100\/100
|move|p1a: Spiritomb|Foul Play|p2a: Farfetch'd
|-crit|p2a: Farfetch'd
|-damage|p2a: Farfetch'd|0 fnt
|-damage|p1a: Spiritomb|0 fnt|[from] item: Life Orb
|faint|p2a: Farfetch'd
|faint|p1a: Spiritomb
|
|upkeep
|c|☆Konstructor|фига се :D
|c|☆Refling|О_____о
|choice|switch 2|switch 4
|
|switch|p1a: Arceus|Arceus-Fire, L73|100\/100
|switch|p2a: Sawk|Sawk, L79, M|100\/100
|-damage|p1a: Arceus|88\/100|[from] Stealth Rock
|-ability|p2a: Sawk|Mold Breaker
|turn|6
|c|+Deliann|щас этот божок огребет)
|c|☆Refling|Скорее я огребу хд
|choice|switch 5|move earthquake
|
|switch|p1a: Beautifly|Beautifly, L79, F|100\/100
|-damage|p1a: Beautifly|51\/100|[from] Stealth Rock
|move|p2a: Sawk|Earthquake|p1a: Beautifly
|-immune|p1a: Beautifly|[msg]
|
|upkeep
|turn|7
|c|+Deliann|миспредикт
|c|+Deliann|люблю комментировать)
|c|+Deliann|и раздражать Офу этим)
|c|☆Konstructor|*делает вид, что так и задумывал*
|c|☆Konstructor|=л=
|choice|move gigadrain|move knockoff
|
|move|p2a: Sawk|Knock Off|p1a: Beautifly
|-damage|p1a: Beautifly|0 fnt
|-enditem|p1a: Beautifly|Life Orb|[from] move: Knock Off|[of] p2a: Sawk
|-damage|p2a: Sawk|91\/100|[from] item: Life Orb
|faint|p1a: Beautifly
|
|upkeep
|choice|switch 3|
|
|switch|p1a: Samurott|Samurott, L79, F|100\/100
|-damage|p1a: Samurott|88\/100|[from] Stealth Rock
|turn|8
|c|+Deliann|хотел бы увидеть такой смайл на человеческом лице)
|c|☆Konstructor|я часто его наглядно изображаю хД
|choice|move waterfall|switch 3
|
|switch|p2a: Articuno|Articuno, L79|100\/100
|-ability|p2a: Articuno|Pressure
|move|p1a: Samurott|Waterfall|p2a: Articuno
|-damage|p2a: Articuno|67\/100
|-damage|p1a: Samurott|78\/100|[from] item: Life Orb
|
|-heal|p2a: Articuno|73\/100|[from] item: Leftovers
|upkeep
|turn|9
|c|+Deliann|Оо
|c|+Deliann|фриз драй, не?
|choice|switch 6|move freezedry
|
|switch|p1a: Arceus|Arceus-Fire, L73|100\/100
|-damage|p1a: Arceus|76\/100|[from] Stealth Rock
|move|p2a: Articuno|Freeze-Dry|p1a: Arceus
|-resisted|p1a: Arceus
|-damage|p1a: Arceus|66\/100
|
|-heal|p2a: Articuno|79\/100|[from] item: Leftovers
|upkeep
|turn|10
|c|+Deliann|я нострадамус
|choice|move judgment|switch 3
|
|switch|p2a: Sawk|Sawk, L79, M|91\/100
|-ability|p2a: Sawk|Mold Breaker
|move|p1a: Arceus|Judgment|p2a: Sawk
|-damage|p2a: Sawk|33\/100
|
|upkeep
|turn|11
|c|+stayzi4|Птичку жалко (с)
|choice|move judgment|move earthquake
|
|move|p1a: Arceus|Judgment|p2a: Sawk
|-damage|p2a: Sawk|0 fnt
|faint|p2a: Sawk
|
|upkeep
|c|+Deliann|соука тоже
|c|+stayzi4|Соука тоже жалко
|c|+Deliann|еее
|c|☆Konstructor|Никого не жалко =Л=
|choice||switch 6
|
|switch|p2a: Pachirisu|Pachirisu, L79, F|100\/100
|turn|12
|c|+Deliann|о, буква л выросла
|c|☆Konstructor|Дыа! ( =n=)
|choice|move judgment|move thunderbolt
|
|move|p1a: Arceus|Judgment|p2a: Pachirisu
|-damage|p2a: Pachirisu|47\/100
|move|p2a: Pachirisu|Thunderbolt|p1a: Arceus
|-damage|p1a: Arceus|50\/100
|-status|p1a: Arceus|par
|
|upkeep
|turn|13
|c|+Deliann|бог-паралитик
|c|+stayzi4|Пара-пара-паралич!
|c|+Deliann|с инвалидностью
|c|+Deliann|тащи, Рефлинг)
|choice|move judgment|move thunderbolt
|
|move|p2a: Pachirisu|Thunderbolt|p1a: Arceus
|-damage|p1a: Arceus|35\/100 par
|move|p1a: Arceus|Judgment|p2a: Pachirisu
|-damage|p2a: Pachirisu|0 fnt
|faint|p2a: Pachirisu
|
|upkeep
|c|+Deliann|скидывай Офу с пьедестала)
|choice||switch 2
|
|switch|p2a: Nidoqueen|Nidoqueen, L79, F|31\/100 brn
|turn|14
|c|☆Konstructor|да го. мне низко падать хД
|c|+Deliann|чет меня упарывает под вечер
|choice|move judgment|move earthpower
|
|move|p2a: Nidoqueen|Earth Power|p1a: Arceus
|-supereffective|p1a: Arceus
|-damage|p1a: Arceus|0 fnt
|faint|p1a: Arceus
|
|-damage|p2a: Nidoqueen|25\/100 brn|[from] brn
|upkeep
|choice|switch 4|
|
|switch|p1a: Rotom|Rotom-Mow, L79|100\/100
|-damage|p1a: Rotom|88\/100|[from] Stealth Rock
|turn|15
|c|☆Konstructor|ДЕЛИАНН
|c|+Deliann|да?
|c|+Deliann|в строю
|c|+Deliann|присутствую)
|c|☆Konstructor|чем ты упарываешься? :D
|choice|move hiddenpower|switch 3
|
|switch|p2a: Articuno|Articuno, L79|79\/100
|-ability|p2a: Articuno|Pressure
|move|p1a: Rotom|Hidden Power|p2a: Articuno
|-supereffective|p2a: Articuno
|-damage|p2a: Articuno|55\/100
|
|-heal|p1a: Rotom|94\/100|[from] item: Leftovers
|-heal|p2a: Articuno|61\/100|[from] item: Leftovers
|upkeep
|turn|16
|c|+stayzi4|Потому что сам не играет.
|c|+Deliann|ой, чем только не упарываюсь)
|c|+Deliann|да, когда сам играю - я серьезен
|choice|move voltswitch|move freezedry
|
|move|p1a: Rotom|Volt Switch|p2a: Articuno
|-supereffective|p2a: Articuno
|-damage|p2a: Articuno|16\/100
|c|+Deliann|и мрачен
|choice|switch 5|
|
|switch|p1a: Samurott|Samurott, L79, F|88\/100
|-damage|p1a: Samurott|75\/100|[from] Stealth Rock
|move|p2a: Articuno|Freeze-Dry|p1a: Samurott
|replace|p1a: Zoroark|Zoroark, L79, M
|-end|p1a: Zoroark|Illusion
|-damage|p1a: Zoroark|36\/100
|
|-heal|p2a: Articuno|22\/100|[from] item: Leftovers
|upkeep
|turn|17
|c|+Deliann|чернее тучи
|c|+stayzi4|и опасе
|c|+stayzi4|н
|c|+Deliann|не
|choice|move suckerpunch|switch 5
|
|switch|p2a: Dedenne|Dedenne, L79, M|100\/100
|move|p1a: Zoroark|Sucker Punch|p2a: Dedenne|[still]
|-fail|p1a: Zoroark
|
|upkeep
|turn|18
|c|☆Konstructor|Почему-то я тебе не верю :D
|c|+Deliann|Стейзи, тебе не верят
|c|☆Konstructor|НЕТ хД
|c|+Deliann|Офа. как ты можешь!!
|c|☆Konstructor|Как только я не могу :D
|c|+stayzi4|Мне не надо верить, мне надо аватарку.
|c|+Deliann|от Офы?
|c|+stayzi4|угу
|choice|move darkpulse|move thunderbolt
|
|move|p1a: Zoroark|Dark Pulse|p2a: Dedenne
|-resisted|p2a: Dedenne
|-damage|p2a: Dedenne|71\/100
|-damage|p1a: Zoroark|26\/100|[from] item: Life Orb
|move|p2a: Dedenne|Thunderbolt|p1a: Zoroark
|-damage|p1a: Zoroark|0 fnt
|faint|p1a: Zoroark
|
|upkeep
|choice|switch 5|
|
|switch|p1a: Rotom|Rotom-Mow, L79|94\/100
|-damage|p1a: Rotom|82\/100|[from] Stealth Rock
|turn|19
|c|+Deliann|она только с жуками делает)
|c|+Deliann|О, НАДО БОЛЕТЬ ЗА ОФУ НАЧИНАТЬ
|c|☆Konstructor|nyet
|c|+Deliann|пока она совсем не ливнула
|c|+stayzi4|Не только. Дратиньку мне Офа нарисовала.
|choice|move hiddenpower|move toxic
|
|move|p2a: Dedenne|Toxic|p1a: Rotom
|-status|p1a: Rotom|tox
|move|p1a: Rotom|Hidden Power|p2a: Dedenne
|-damage|p2a: Dedenne|49\/100
|
|-heal|p1a: Rotom|88\/100 tox|[from] item: Leftovers
|-damage|p1a: Rotom|82\/100 tox|[from] psn
|upkeep
|turn|20
|c|☆Konstructor|Я не ливну, потому что это не турнир!
|c|+Deliann|и даже не полыхнешь?)
|choice|move hiddenpower|switch 5
|
|switch|p2a: Articuno|Articuno, L79|22\/100
|-ability|p2a: Articuno|Pressure
|move|p1a: Rotom|Hidden Power|p2a: Articuno
|-supereffective|p2a: Articuno
|-damage|p2a: Articuno|0 fnt
|faint|p2a: Articuno
|
|-heal|p1a: Rotom|88\/100 tox|[from] item: Leftovers
|-damage|p1a: Rotom|76\/100 tox|[from] psn
|upkeep
|c|+Deliann|о, может следующий турнир будет как рыцарский?
|c|+Deliann|за сердце Тенши)
|choice||switch 5
|
|switch|p2a: Dedenne|Dedenne, L79, M|49\/100
|turn|21
|c|☆Konstructor|Неа!
|c|☆Refling|Зря
|c|+stayzi4|лол
|choice|move willowisp|move thunderbolt
|
|move|p2a: Dedenne|Thunderbolt|p1a: Rotom
|-resisted|p1a: Rotom
|-damage|p1a: Rotom|68\/100 tox
|move|p1a: Rotom|Will-O-Wisp|p2a: Dedenne
|-status|p2a: Dedenne|brn
|
|-heal|p1a: Rotom|74\/100 tox|[from] item: Leftovers
|-damage|p2a: Dedenne|43\/100 brn|[from] brn
|-damage|p1a: Rotom|56\/100 tox|[from] psn
|upkeep
|turn|22
|choice|move hiddenpower|move thunderbolt
|
|move|p2a: Dedenne|Thunderbolt|p1a: Rotom
|-resisted|p1a: Rotom
|-damage|p1a: Rotom|48\/100 tox
|move|p1a: Rotom|Hidden Power|p2a: Dedenne
|-damage|p2a: Dedenne|20\/100 brn
|-enditem|p2a: Dedenne|Petaya Berry|[eat]
|-boost|p2a: Dedenne|spa|1
|-heal|p2a: Dedenne|54\/100 brn|[from] ability: Cheek Pouch
|
|-heal|p1a: Rotom|54\/100 tox|[from] item: Leftovers
|-damage|p2a: Dedenne|48\/100 brn|[from] brn
|-damage|p1a: Rotom|29\/100 tox|[from] psn
|upkeep
|turn|23
|c|+stayzi4|Посмотрела бокс Тениш и предполагаю, что след турнир будет разноцветным.
|c|+stayzi4|Но такой уже был.
|c|☆Konstructor|Делианн, зачем тебе сердце Тенши вообще? оо
|choice|move painsplit|move recycle
|
|move|p2a: Dedenne|Recycle|p2a: Dedenne
|-item|p2a: Dedenne|Petaya Berry|[from] move: Recycle
|move|p1a: Rotom|Pain Split|p2a: Dedenne
|-sethp|p2a: Dedenne|37\/100 brn|p1a: Rotom|41\/100 tox|[from] move: Pain Split
|
|-heal|p1a: Rotom|47\/100 tox|[from] item: Leftovers
|-damage|p2a: Dedenne|31\/100 brn|[from] brn
|-damage|p1a: Rotom|16\/100 tox|[from] psn
|upkeep
|turn|24
|c|+Deliann|я не собираюсь на нем выигрывать же
|c|+Deliann|я вообще не приду скорее всего)
|choice|move voltswitch|move thunderbolt
|
|move|p2a: Dedenne|Thunderbolt|p1a: Rotom
|-resisted|p1a: Rotom
|-damage|p1a: Rotom|5\/100 tox
|move|p1a: Rotom|Volt Switch|p2a: Dedenne
|-resisted|p2a: Dedenne
|-damage|p2a: Dedenne|13\/100 brn
|-enditem|p2a: Dedenne|Petaya Berry|[eat]
|-boost|p2a: Dedenne|spa|1
|-heal|p2a: Dedenne|46\/100 brn|[from] ability: Cheek Pouch
|choice|switch 6|
|
|switch|p1a: Samurott|Samurott, L79, F|78\/100
|-damage|p1a: Samurott|65\/100|[from] Stealth Rock
|
|-damage|p2a: Dedenne|40\/100 brn|[from] brn
|upkeep
|turn|25
|c|☆Konstructor|а я вообще не пойду, я почти на 100% уверен, что там скучные призы
|choice|move megahorn|move thunderbolt
|
|move|p2a: Dedenne|Thunderbolt|p1a: Samurott
|-supereffective|p1a: Samurott
|-damage|p1a: Samurott|0 fnt
|faint|p1a: Samurott
|
|-damage|p2a: Dedenne|34\/100 brn|[from] brn
|upkeep
|c|+stayzi4|На турнире за сердце Тенши выиграет... Зинкс
|c|☆Refling|Ой
|c|☆Konstructor|Это было бы прелестно :D
|choice|switch 6|
|
|switch|p1a: Rotom|Rotom-Mow, L79|5\/100 tox
|-damage|p1a: Rotom|0 fnt|[from] Stealth Rock
|faint|p1a: Rotom
|
|win|Refling
|c|+stayzi4|Или Майти
|c|☆Refling|Я что, побеждаю?
|c|☆Konstructor|Уже!</script>
</div>
<div class="battle-log battle-log-inline"><div class="inner"><div class="chat"><small>Konstructor joined.</small></div><div class="chat"><small>Refling joined.</small></div><div style="padding:5px 0"><small>Format:</small> <br><strong>[Gen 7] Random Battle</strong></div><div><small><em>Sleep Clause Mod:</em> Limit one foe put to sleep</small></div><div><small><em>HP Percentage Mod:</em> HP is shown in percentages</small></div><div>Battle between Konstructor and Refling started!</div><div class="spacer"></div><div>Go! <span class="battle-nickname" title="Arceus-Fire">Arceus <small>(Arceus-Fire)</small></span>!</div><div class="spacer"></div><div>Refling sent out Pachirisu!</div><h2>Turn 1</h2><div class="chat chatmessage-refling"><strong style="color:hsl(274,92.25192586666667%,64.50385173333333%);"><small>☆</small><span class="username" data-name="Refling">Refling</span>:</strong> <em>Хорошее начало хд</em></div><div class="chat chatmessage-konstructor"><strong style="color:hsl(10,39.21392%,43.78608%);"><small>☆</small><span class="username" data-name="Konstructor">Konstructor</span>:</strong> <em>О да :"D</em></div><div class="spacer"></div><div><span class="battle-nickname" title="Arceus-Fire">Arceus</span>, come back!</div><div class="spacer"></div><div>Go! Spiritomb!</div><div class="spacer"></div><div>Refling withdrew Pachirisu!</div><div class="spacer"></div><div>Refling sent out Nidoqueen!</div><h2>Turn 2</h2><div class="spacer"></div><div>The opposing <span class="battle-nickname-foe" title="Nidoqueen">Nidoqueen</span> used <strong>Stealth Rock</strong>!</div><div><small>Pointed stones float in the air around your team!</small></div><div class="spacer"></div><div><span class="battle-nickname" title="Spiritomb">Spiritomb</span> used <strong>Will-O-Wisp</strong>!</div><div><small>The opposing <span class="battle-nickname-foe" title="Nidoqueen">Nidoqueen</span> was burned!</small></div><div class="spacer"></div><div><small>The opposing <span class="battle-nickname-foe" title="Nidoqueen">Nidoqueen</span> was hurt by its burn!</small></div><h2>Turn 3</h2><div class="spacer"></div><div><span class="battle-nickname" title="Spiritomb">Spiritomb</span> used <strong>Shadow Sneak</strong>!</div><div><small>The opposing <span class="battle-nickname-foe" title="Nidoqueen">Nidoqueen</span> lost 20% of its health!</small><br></div><div><small><span class="battle-nickname" title="Spiritomb">Spiritomb</span> lost some of its HP!</small></div><div class="spacer"></div><div>The opposing <span class="battle-nickname-foe" title="Nidoqueen">Nidoqueen</span> used <strong>Sludge Wave</strong>!</div><div><small>It's not very effective... </small><small><span class="battle-nickname" title="Spiritomb">Spiritomb</span> lost 25% of its health!</small><br></div><div class="spacer"></div><div><small>The opposing <span class="battle-nickname-foe" title="Nidoqueen">Nidoqueen</span> was hurt by its burn!</small></div><h2>Turn 4</h2><div class="chat"><small>stayzi4 joined.</small></div><div class="spacer"></div><div><span class="battle-nickname" title="Spiritomb">Spiritomb</span> used <strong>Sucker Punch</strong>!</div><div><small>The opposing <span class="battle-nickname-foe" title="Nidoqueen">Nidoqueen</span> lost 31% of its health!</small><br></div><div><small><span class="battle-nickname" title="Spiritomb">Spiritomb</span> lost some of its HP!</small></div><div class="spacer"></div><div>The opposing <span class="battle-nickname-foe" title="Nidoqueen">Nidoqueen</span> used <strong>Earth Power</strong>!</div><div><small><span class="battle-nickname" title="Spiritomb">Spiritomb</span> lost 54% of its health!</small><br></div><div class="spacer"></div><div><small>The opposing <span class="battle-nickname-foe" title="Nidoqueen">Nidoqueen</span> was hurt by its burn!</small></div><h2>Turn 5</h2><div class="chat"><small>Deliann joined.</small></div><div class="chat chatmessage-refling"><strong style="color:hsl(274,92.25192586666667%,64.50385173333333%);"><small>☆</small><span class="username" data-name="Refling">Refling</span>:</strong> <em>Я туплю хд</em></div><div class="chat chatmessage-deliann"><strong style="color:hsl(64,76.32463786666666%,36.67536213333334%);"><small>+</small><span class="username" data-name="Deliann">Deliann</span>:</strong> <em>куда дели арцеуса?</em></div><div class="chat chatmessage-konstructor"><strong style="color:hsl(10,39.21392%,43.78608%);"><small>☆</small><span class="username" data-name="Konstructor">Konstructor</span>:</strong> <em>Он устал!</em></div><div class="spacer"></div><div>Refling withdrew Nidoqueen!</div><div class="spacer"></div><div>Refling sent out Farfetch'd!</div><div class="spacer"></div><div><span class="battle-nickname" title="Spiritomb">Spiritomb</span> used <strong>Foul Play</strong>!</div><div><small>A critical hit! </small><small>The opposing <span class="battle-nickname-foe" title="Farfetch'd">Farfetch'd</span> lost 100% of its health!</small><br></div><div><small><span class="battle-nickname" title="Spiritomb">Spiritomb</span> lost some of its HP!</small></div><div class="spacer"></div><div>The opposing <span class="battle-nickname-foe" title="Farfetch'd">Farfetch'd</span> fainted!</div><div class="spacer"></div><div><span class="battle-nickname" title="Spiritomb">Spiritomb</span> fainted!</div><div class="chat chatmessage-konstructor"><strong style="color:hsl(10,39.21392%,43.78608%);"><small>☆</small><span class="username" data-name="Konstructor">Konstructor</span>:</strong> <em>фига се :D</em></div><div class="chat chatmessage-refling"><strong style="color:hsl(274,92.25192586666667%,64.50385173333333%);"><small>☆</small><span class="username" data-name="Refling">Refling</span>:</strong> <em>О<i>_</i>о</em></div><div class="spacer"></div><div>Go! <span class="battle-nickname" title="Arceus-Fire">Arceus <small>(Arceus-Fire)</small></span>!</div><div class="spacer"></div><div>Refling sent out Sawk!</div><div><small>Pointed stones dug into <span class="battle-nickname" title="Arceus-Fire">Arceus</span>!</small></div><div><small>[Opposing <span class="battle-nickname-foe" title="Sawk">Sawk</span>'s Mold Breaker!]</small></div><div><small>The opposing <span class="battle-nickname-foe" title="Sawk">Sawk</span> breaks the mold!</small></div><h2>Turn 6</h2><div class="chat chatmessage-deliann"><strong style="color:hsl(64,76.32463786666666%,36.67536213333334%);"><small>+</small><span class="username" data-name="Deliann">Deliann</span>:</strong> <em>щас этот божок огребет)</em></div><div class="chat chatmessage-refling"><strong style="color:hsl(274,92.25192586666667%,64.50385173333333%);"><small>☆</small><span class="username" data-name="Refling">Refling</span>:</strong> <em>Скорее я огребу хд</em></div><div class="spacer"></div><div><span class="battle-nickname" title="Arceus-Fire">Arceus</span>, come back!</div><div class="spacer"></div><div>Go! Beautifly!</div><div><small>Pointed stones dug into <span class="battle-nickname" title="Beautifly">Beautifly</span>!</small></div><div class="spacer"></div><div>The opposing <span class="battle-nickname-foe" title="Sawk">Sawk</span> used <strong>Earthquake</strong>!</div><div><small>It doesn't affect <span class="battle-nickname" title="Beautifly">Beautifly</span>... </small></div><h2>Turn 7</h2><div class="chat chatmessage-deliann"><strong style="color:hsl(64,76.32463786666666%,36.67536213333334%);"><small>+</small><span class="username" data-name="Deliann">Deliann</span>:</strong> <em>миспредикт</em></div><div class="chat chatmessage-deliann"><strong style="color:hsl(64,76.32463786666666%,36.67536213333334%);"><small>+</small><span class="username" data-name="Deliann">Deliann</span>:</strong> <em>люблю комментировать)</em></div><div class="chat chatmessage-deliann"><strong style="color:hsl(64,76.32463786666666%,36.67536213333334%);"><small>+</small><span class="username" data-name="Deliann">Deliann</span>:</strong> <em>и раздражать Офу этим)</em></div><div class="chat chatmessage-konstructor"><strong style="color:hsl(10,39.21392%,43.78608%);"><small>☆</small><span class="username" data-name="Konstructor">Konstructor</span>:</strong> <em>*делает вид, что так и задумывал*</em></div><div class="chat chatmessage-konstructor"><strong style="color:hsl(10,39.21392%,43.78608%);"><small>☆</small><span class="username" data-name="Konstructor">Konstructor</span>:</strong> <em>=л=</em></div><div class="spacer"></div><div>The opposing <span class="battle-nickname-foe" title="Sawk">Sawk</span> used <strong>Knock Off</strong>!</div><div><small><span class="battle-nickname" title="Beautifly">Beautifly</span> lost 51% of its health!</small><br></div><div><small>The opposing <span class="battle-nickname-foe" title="Sawk">Sawk</span> knocked off <span class="battle-nickname" title="Beautifly">Beautifly</span>'s Life Orb!</small></div><div><small>The opposing <span class="battle-nickname-foe" title="Sawk">Sawk</span> lost some of its HP!</small></div><div class="spacer"></div><div><span class="battle-nickname" title="Beautifly">Beautifly</span> fainted!</div><div class="spacer"></div><div>Go! Samurott!</div><div><small>Pointed stones dug into <span class="battle-nickname" title="Samurott">Samurott</span>!</small></div><h2>Turn 8</h2><div class="chat chatmessage-deliann"><strong style="color:hsl(64,76.32463786666666%,36.67536213333334%);"><small>+</small><span class="username" data-name="Deliann">Deliann</span>:</strong> <em>хотел бы увидеть такой смайл на человеческом лице)</em></div><div class="chat chatmessage-konstructor"><strong style="color:hsl(10,39.21392%,43.78608%);"><small>☆</small><span class="username" data-name="Konstructor">Konstructor</span>:</strong> <em>я часто его наглядно изображаю хД</em></div><div class="spacer"></div><div>Refling withdrew Sawk!</div><div class="spacer"></div><div>Refling sent out Articuno!</div><div><small>[Opposing <span class="battle-nickname-foe" title="Articuno">Articuno</span>'s Pressure!]</small></div><div><small>The opposing <span class="battle-nickname-foe" title="Articuno">Articuno</span> is exerting its pressure!</small></div><div class="spacer"></div><div><span class="battle-nickname" title="Samurott">Samurott</span> used <strong>Waterfall</strong>!</div><div><small>The opposing <span class="battle-nickname-foe" title="Articuno">Articuno</span> lost 33% of its health!</small><br></div><div><small><span class="battle-nickname" title="Samurott">Samurott</span> lost some of its HP!</small></div><div class="spacer"></div><div><small>The opposing <span class="battle-nickname-foe" title="Articuno">Articuno</span> restored a little HP using its Leftovers!</small></div><h2>Turn 9</h2><div class="chat chatmessage-deliann"><strong style="color:hsl(64,76.32463786666666%,36.67536213333334%);"><small>+</small><span class="username" data-name="Deliann">Deliann</span>:</strong> <em>Оо</em></div><div class="chat chatmessage-deliann"><strong style="color:hsl(64,76.32463786666666%,36.67536213333334%);"><small>+</small><span class="username" data-name="Deliann">Deliann</span>:</strong> <em>фриз драй, не?</em></div><div class="spacer"></div><div><span class="battle-nickname" title="Samurott">Samurott</span>, come back!</div><div class="spacer"></div><div>Go! <span class="battle-nickname" title="Arceus-Fire">Arceus <small>(Arceus-Fire)</small></span>!</div><div><small>Pointed stones dug into <span class="battle-nickname" title="Arceus-Fire">Arceus</span>!</small></div><div class="spacer"></div><div>The opposing <span class="battle-nickname-foe" title="Articuno">Articuno</span> used <strong>Freeze-Dry</strong>!</div><div><small>It's not very effective... </small><small><span class="battle-nickname" title="Arceus-Fire">Arceus</span> lost 10% of its health!</small><br></div><div class="spacer"></div><div><small>The opposing <span class="battle-nickname-foe" title="Articuno">Articuno</span> restored a little HP using its Leftovers!</small></div><h2>Turn 10</h2><div class="chat chatmessage-deliann"><strong style="color:hsl(64,76.32463786666666%,36.67536213333334%);"><small>+</small><span class="username" data-name="Deliann">Deliann</span>:</strong> <em>я нострадамус</em></div><div class="spacer"></div><div>Refling withdrew Articuno!</div><div class="spacer"></div><div>Refling sent out Sawk!</div><div><small>[Opposing <span class="battle-nickname-foe" title="Sawk">Sawk</span>'s Mold Breaker!]</small></div><div><small>The opposing <span class="battle-nickname-foe" title="Sawk">Sawk</span> breaks the mold!</small></div><div class="spacer"></div><div><span class="battle-nickname" title="Arceus-Fire">Arceus</span> used <strong>Judgment</strong>!</div><div><small>The opposing <span class="battle-nickname-foe" title="Sawk">Sawk</span> lost 58% of its health!</small><br></div><h2>Turn 11</h2><div class="chat chatmessage-stayzi4"><strong style="color:hsl(81,58%,34%);"><small>+</small><span class="username" data-name="stayzi4">stayzi4</span>:</strong> <em>Птичку жалко (с)</em></div><div class="spacer"></div><div><span class="battle-nickname" title="Arceus-Fire">Arceus</span> used <strong>Judgment</strong>!</div><div><small>The opposing <span class="battle-nickname-foe" title="Sawk">Sawk</span> lost 33% of its health!</small><br></div><div class="spacer"></div><div>The opposing <span class="battle-nickname-foe" title="Sawk">Sawk</span> fainted!</div><div class="chat chatmessage-deliann"><strong style="color:hsl(64,76.32463786666666%,36.67536213333334%);"><small>+</small><span class="username" data-name="Deliann">Deliann</span>:</strong> <em>соука тоже</em></div><div class="chat chatmessage-stayzi4"><strong style="color:hsl(81,58%,34%);"><small>+</small><span class="username" data-name="stayzi4">stayzi4</span>:</strong> <em>Соука тоже жалко</em></div><div class="chat chatmessage-deliann"><strong style="color:hsl(64,76.32463786666666%,36.67536213333334%);"><small>+</small><span class="username" data-name="Deliann">Deliann</span>:</strong> <em>еее</em></div><div class="chat chatmessage-konstructor"><strong style="color:hsl(10,39.21392%,43.78608%);"><small>☆</small><span class="username" data-name="Konstructor">Konstructor</span>:</strong> <em>Никого не жалко =Л=</em></div><div class="spacer"></div><div>Refling sent out Pachirisu!</div><h2>Turn 12</h2><div class="chat chatmessage-deliann"><strong style="color:hsl(64,76.32463786666666%,36.67536213333334%);"><small>+</small><span class="username" data-name="Deliann">Deliann</span>:</strong> <em>о, буква л выросла</em></div><div class="chat chatmessage-konstructor"><strong style="color:hsl(10,39.21392%,43.78608%);"><small>☆</small><span class="username" data-name="Konstructor">Konstructor</span>:</strong> <em>Дыа! ( =n=)</em></div><div class="spacer"></div><div><span class="battle-nickname" title="Arceus-Fire">Arceus</span> used <strong>Judgment</strong>!</div><div><small>The opposing <span class="battle-nickname-foe" title="Pachirisu">Pachirisu</span> lost 53% of its health!</small><br></div><div class="spacer"></div><div>The opposing <span class="battle-nickname-foe" title="Pachirisu">Pachirisu</span> used <strong>Thunderbolt</strong>!</div><div><small><span class="battle-nickname" title="Arceus-Fire">Arceus</span> lost 16% of its health!</small><br></div><div><small><span class="battle-nickname" title="Arceus-Fire">Arceus</span> is paralyzed! It may be unable to move!</small></div><h2>Turn 13</h2><div class="chat chatmessage-deliann"><strong style="color:hsl(64,76.32463786666666%,36.67536213333334%);"><small>+</small><span class="username" data-name="Deliann">Deliann</span>:</strong> <em>бог-паралитик</em></div><div class="chat chatmessage-stayzi4"><strong style="color:hsl(81,58%,34%);"><small>+</small><span class="username" data-name="stayzi4">stayzi4</span>:</strong> <em>Пара-пара-паралич!</em></div><div class="chat chatmessage-deliann"><strong style="color:hsl(64,76.32463786666666%,36.67536213333334%);"><small>+</small><span class="username" data-name="Deliann">Deliann</span>:</strong> <em>с инвалидностью</em></div><div class="chat chatmessage-deliann"><strong style="color:hsl(64,76.32463786666666%,36.67536213333334%);"><small>+</small><span class="username" data-name="Deliann">Deliann</span>:</strong> <em>тащи, Рефлинг)</em></div><div class="spacer"></div><div>The opposing <span class="battle-nickname-foe" title="Pachirisu">Pachirisu</span> used <strong>Thunderbolt</strong>!</div><div><small><span class="battle-nickname" title="Arceus-Fire">Arceus</span> lost 15% of its health!</small><br></div><div class="spacer"></div><div><span class="battle-nickname" title="Arceus-Fire">Arceus</span> used <strong>Judgment</strong>!</div><div><small>The opposing <span class="battle-nickname-foe" title="Pachirisu">Pachirisu</span> lost 47% of its health!</small><br></div><div class="spacer"></div><div>The opposing <span class="battle-nickname-foe" title="Pachirisu">Pachirisu</span> fainted!</div><div class="chat chatmessage-deliann"><strong style="color:hsl(64,76.32463786666666%,36.67536213333334%);"><small>+</small><span class="username" data-name="Deliann">Deliann</span>:</strong> <em>скидывай Офу с пьедестала)</em></div><div class="spacer"></div><div>Refling sent out Nidoqueen!</div><h2>Turn 14</h2><div class="chat chatmessage-konstructor"><strong style="color:hsl(10,39.21392%,43.78608%);"><small>☆</small><span class="username" data-name="Konstructor">Konstructor</span>:</strong> <em>да го. мне низко падать хД</em></div><div class="chat chatmessage-deliann"><strong style="color:hsl(64,76.32463786666666%,36.67536213333334%);"><small>+</small><span class="username" data-name="Deliann">Deliann</span>:</strong> <em>чет меня упарывает под вечер</em></div><div class="spacer"></div><div>The opposing <span class="battle-nickname-foe" title="Nidoqueen">Nidoqueen</span> used <strong>Earth Power</strong>!</div><div><small>It's super effective! </small><small><span class="battle-nickname" title="Arceus-Fire">Arceus</span> lost 35% of its health!</small><br></div><div class="spacer"></div><div><span class="battle-nickname" title="Arceus-Fire">Arceus</span> fainted!</div><div class="spacer"></div><div><small>The opposing <span class="battle-nickname-foe" title="Nidoqueen">Nidoqueen</span> was hurt by its burn!</small></div><div class="spacer"></div><div>Go! <span class="battle-nickname" title="Rotom-Mow">Rotom <small>(Rotom-Mow)</small></span>!</div><div><small>Pointed stones dug into <span class="battle-nickname" title="Rotom-Mow">Rotom</span>!</small></div><h2>Turn 15</h2><div class="chat chatmessage-konstructor"><strong style="color:hsl(10,39.21392%,43.78608%);"><small>☆</small><span class="username" data-name="Konstructor">Konstructor</span>:</strong> <em>ДЕЛИАНН</em></div><div class="chat chatmessage-deliann"><strong style="color:hsl(64,76.32463786666666%,36.67536213333334%);"><small>+</small><span class="username" data-name="Deliann">Deliann</span>:</strong> <em>да?</em></div><div class="chat chatmessage-deliann"><strong style="color:hsl(64,76.32463786666666%,36.67536213333334%);"><small>+</small><span class="username" data-name="Deliann">Deliann</span>:</strong> <em>в строю</em></div><div class="chat chatmessage-deliann"><strong style="color:hsl(64,76.32463786666666%,36.67536213333334%);"><small>+</small><span class="username" data-name="Deliann">Deliann</span>:</strong> <em>присутствую)</em></div><div class="chat chatmessage-konstructor"><strong style="color:hsl(10,39.21392%,43.78608%);"><small>☆</small><span class="username" data-name="Konstructor">Konstructor</span>:</strong> <em>чем ты упарываешься? :D</em></div><div class="spacer"></div><div>Refling withdrew Nidoqueen!</div><div class="spacer"></div><div>Refling sent out Articuno!</div><div><small>[Opposing <span class="battle-nickname-foe" title="Articuno">Articuno</span>'s Pressure!]</small></div><div><small>The opposing <span class="battle-nickname-foe" title="Articuno">Articuno</span> is exerting its pressure!</small></div><div class="spacer"></div><div><span class="battle-nickname" title="Rotom-Mow">Rotom</span> used <strong>Hidden Power</strong>!</div><div><small>It's super effective! </small><small>The opposing <span class="battle-nickname-foe" title="Articuno">Articuno</span> lost 24% of its health!</small><br></div><div class="spacer"></div><div><small><span class="battle-nickname" title="Rotom-Mow">Rotom</span> restored a little HP using its Leftovers!</small></div><div><small>The opposing <span class="battle-nickname-foe" title="Articuno">Articuno</span> restored a little HP using its Leftovers!</small></div><h2>Turn 16</h2><div class="chat chatmessage-stayzi4"><strong style="color:hsl(81,58%,34%);"><small>+</small><span class="username" data-name="stayzi4">stayzi4</span>:</strong> <em>Потому что сам не играет.</em></div><div class="chat chatmessage-deliann"><strong style="color:hsl(64,76.32463786666666%,36.67536213333334%);"><small>+</small><span class="username" data-name="Deliann">Deliann</span>:</strong> <em>ой, чем только не упарываюсь)</em></div><div class="chat chatmessage-deliann"><strong style="color:hsl(64,76.32463786666666%,36.67536213333334%);"><small>+</small><span class="username" data-name="Deliann">Deliann</span>:</strong> <em>да, когда сам играю - я серьезен</em></div><div class="spacer"></div><div><span class="battle-nickname" title="Rotom-Mow">Rotom</span> used <strong>Volt Switch</strong>!</div><div><small>It's super effective! </small><small>The opposing <span class="battle-nickname-foe" title="Articuno">Articuno</span> lost 45% of its health!</small><br></div><div class="chat chatmessage-deliann"><strong style="color:hsl(64,76.32463786666666%,36.67536213333334%);"><small>+</small><span class="username" data-name="Deliann">Deliann</span>:</strong> <em>и мрачен</em></div><div class="spacer"></div><div><span class="battle-nickname" title="Rotom-Mow">Rotom</span> went back to Konstructor!</div><div class="spacer"></div><div>Go! Samurott!</div><div><small>Pointed stones dug into <span class="battle-nickname" title="Samurott">Samurott</span>!</small></div><div class="spacer"></div><div>The opposing <span class="battle-nickname-foe" title="Articuno">Articuno</span> used <strong>Freeze-Dry</strong>!</div><div class="spacer"></div><div><small><span class="battle-nickname" title="Zoroark">Zoroark</span>'s illusion wore off!</small></div><div><small><span class="battle-nickname" title="Zoroark">Zoroark</span> lost 39% of its health!</small><br></div><div class="spacer"></div><div><small>The opposing <span class="battle-nickname-foe" title="Articuno">Articuno</span> restored a little HP using its Leftovers!</small></div><h2>Turn 17</h2><div class="chat chatmessage-deliann"><strong style="color:hsl(64,76.32463786666666%,36.67536213333334%);"><small>+</small><span class="username" data-name="Deliann">Deliann</span>:</strong> <em>чернее тучи</em></div><div class="chat chatmessage-stayzi4"><strong style="color:hsl(81,58%,34%);"><small>+</small><span class="username" data-name="stayzi4">stayzi4</span>:</strong> <em>и опасе</em></div><div class="chat chatmessage-stayzi4"><strong style="color:hsl(81,58%,34%);"><small>+</small><span class="username" data-name="stayzi4">stayzi4</span>:</strong> <em>н</em></div><div class="chat chatmessage-deliann"><strong style="color:hsl(64,76.32463786666666%,36.67536213333334%);"><small>+</small><span class="username" data-name="Deliann">Deliann</span>:</strong> <em>не</em></div><div class="spacer"></div><div>Refling withdrew Articuno!</div><div class="spacer"></div><div>Refling sent out Dedenne!</div><div class="spacer"></div><div><span class="battle-nickname" title="Zoroark">Zoroark</span> used <strong>Sucker Punch</strong>!</div><div><small>But it failed!</small></div><h2>Turn 18</h2><div class="chat chatmessage-konstructor"><strong style="color:hsl(10,39.21392%,43.78608%);"><small>☆</small><span class="username" data-name="Konstructor">Konstructor</span>:</strong> <em>Почему-то я тебе не верю :D</em></div><div class="chat chatmessage-deliann"><strong style="color:hsl(64,76.32463786666666%,36.67536213333334%);"><small>+</small><span class="username" data-name="Deliann">Deliann</span>:</strong> <em>Стейзи, тебе не верят</em></div><div class="chat chatmessage-konstructor"><strong style="color:hsl(10,39.21392%,43.78608%);"><small>☆</small><span class="username" data-name="Konstructor">Konstructor</span>:</strong> <em>НЕТ хД</em></div><div class="chat chatmessage-deliann"><strong style="color:hsl(64,76.32463786666666%,36.67536213333334%);"><small>+</small><span class="username" data-name="Deliann">Deliann</span>:</strong> <em>Офа. как ты можешь!!</em></div><div class="chat chatmessage-konstructor"><strong style="color:hsl(10,39.21392%,43.78608%);"><small>☆</small><span class="username" data-name="Konstructor">Konstructor</span>:</strong> <em>Как только я не могу :D</em></div><div class="chat chatmessage-stayzi4"><strong style="color:hsl(81,58%,34%);"><small>+</small><span class="username" data-name="stayzi4">stayzi4</span>:</strong> <em>Мне не надо верить, мне надо аватарку.</em></div><div class="chat chatmessage-deliann"><strong style="color:hsl(64,76.32463786666666%,36.67536213333334%);"><small>+</small><span class="username" data-name="Deliann">Deliann</span>:</strong> <em>от Офы?</em></div><div class="chat chatmessage-stayzi4"><strong style="color:hsl(81,58%,34%);"><small>+</small><span class="username" data-name="stayzi4">stayzi4</span>:</strong> <em>угу</em></div><div class="spacer"></div><div><span class="battle-nickname" title="Zoroark">Zoroark</span> used <strong>Dark Pulse</strong>!</div><div><small>It's not very effective... </small><small>The opposing <span class="battle-nickname-foe" title="Dedenne">Dedenne</span> lost 29% of its health!</small><br></div><div><small><span class="battle-nickname" title="Zoroark">Zoroark</span> lost some of its HP!</small></div><div class="spacer"></div><div>The opposing <span class="battle-nickname-foe" title="Dedenne">Dedenne</span> used <strong>Thunderbolt</strong>!</div><div><small><span class="battle-nickname" title="Zoroark">Zoroark</span> lost 26% of its health!</small><br></div><div class="spacer"></div><div><span class="battle-nickname" title="Zoroark">Zoroark</span> fainted!</div><div class="spacer"></div><div>Go! <span class="battle-nickname" title="Rotom-Mow">Rotom <small>(Rotom-Mow)</small></span>!</div><div><small>Pointed stones dug into <span class="battle-nickname" title="Rotom-Mow">Rotom</span>!</small></div><h2>Turn 19</h2><div class="chat chatmessage-deliann"><strong style="color:hsl(64,76.32463786666666%,36.67536213333334%);"><small>+</small><span class="username" data-name="Deliann">Deliann</span>:</strong> <em>она только с жуками делает)</em></div><div class="chat chatmessage-deliann"><strong style="color:hsl(64,76.32463786666666%,36.67536213333334%);"><small>+</small><span class="username" data-name="Deliann">Deliann</span>:</strong> <em>О, НАДО БОЛЕТЬ ЗА ОФУ НАЧИНАТЬ</em></div><div class="chat chatmessage-konstructor"><strong style="color:hsl(10,39.21392%,43.78608%);"><small>☆</small><span class="username" data-name="Konstructor">Konstructor</span>:</strong> <em>nyet</em></div><div class="chat chatmessage-deliann"><strong style="color:hsl(64,76.32463786666666%,36.67536213333334%);"><small>+</small><span class="username" data-name="Deliann">Deliann</span>:</strong> <em>пока она совсем не ливнула</em></div><div class="chat chatmessage-stayzi4"><strong style="color:hsl(81,58%,34%);"><small>+</small><span class="username" data-name="stayzi4">stayzi4</span>:</strong> <em>Не только. Дратиньку мне Офа нарисовала.</em></div><div class="spacer"></div><div>The opposing <span class="battle-nickname-foe" title="Dedenne">Dedenne</span> used <strong>Toxic</strong>!</div><div><small><span class="battle-nickname" title="Rotom-Mow">Rotom</span> was badly poisoned!</small></div><div class="spacer"></div><div><span class="battle-nickname" title="Rotom-Mow">Rotom</span> used <strong>Hidden Power</strong>!</div><div><small>The opposing <span class="battle-nickname-foe" title="Dedenne">Dedenne</span> lost 22% of its health!</small><br></div><div class="spacer"></div><div><small><span class="battle-nickname" title="Rotom-Mow">Rotom</span> restored a little HP using its Leftovers!</small></div><div><small><span class="battle-nickname" title="Rotom-Mow">Rotom</span> was hurt by poison!</small></div><h2>Turn 20</h2><div class="chat chatmessage-konstructor"><strong style="color:hsl(10,39.21392%,43.78608%);"><small>☆</small><span class="username" data-name="Konstructor">Konstructor</span>:</strong> <em>Я не ливну, потому что это не турнир!</em></div><div class="chat chatmessage-deliann"><strong style="color:hsl(64,76.32463786666666%,36.67536213333334%);"><small>+</small><span class="username" data-name="Deliann">Deliann</span>:</strong> <em>и даже не полыхнешь?)</em></div><div class="spacer"></div><div>Refling withdrew Dedenne!</div><div class="spacer"></div><div>Refling sent out Articuno!</div><div><small>[Opposing <span class="battle-nickname-foe" title="Articuno">Articuno</span>'s Pressure!]</small></div><div><small>The opposing <span class="battle-nickname-foe" title="Articuno">Articuno</span> is exerting its pressure!</small></div><div class="spacer"></div><div><span class="battle-nickname" title="Rotom-Mow">Rotom</span> used <strong>Hidden Power</strong>!</div><div><small>It's super effective! </small><small>The opposing <span class="battle-nickname-foe" title="Articuno">Articuno</span> lost 22% of its health!</small><br></div><div class="spacer"></div><div>The opposing <span class="battle-nickname-foe" title="Articuno">Articuno</span> fainted!</div><div class="spacer"></div><div><small><span class="battle-nickname" title="Rotom-Mow">Rotom</span> restored a little HP using its Leftovers!</small></div><div><small><span class="battle-nickname" title="Rotom-Mow">Rotom</span> was hurt by poison!</small></div><div class="chat chatmessage-deliann"><strong style="color:hsl(64,76.32463786666666%,36.67536213333334%);"><small>+</small><span class="username" data-name="Deliann">Deliann</span>:</strong> <em>о, может следующий турнир будет как рыцарский?</em></div><div class="chat chatmessage-deliann"><strong style="color:hsl(64,76.32463786666666%,36.67536213333334%);"><small>+</small><span class="username" data-name="Deliann">Deliann</span>:</strong> <em>за сердце Тенши)</em></div><div class="spacer"></div><div>Refling sent out Dedenne!</div><h2>Turn 21</h2><div class="chat chatmessage-konstructor"><strong style="color:hsl(10,39.21392%,43.78608%);"><small>☆</small><span class="username" data-name="Konstructor">Konstructor</span>:</strong> <em>Неа!</em></div><div class="chat chatmessage-refling"><strong style="color:hsl(274,92.25192586666667%,64.50385173333333%);"><small>☆</small><span class="username" data-name="Refling">Refling</span>:</strong> <em>Зря</em></div><div class="chat chatmessage-stayzi4"><strong style="color:hsl(81,58%,34%);"><small>+</small><span class="username" data-name="stayzi4">stayzi4</span>:</strong> <em>лол</em></div><div class="spacer"></div><div>The opposing <span class="battle-nickname-foe" title="Dedenne">Dedenne</span> used <strong>Thunderbolt</strong>!</div><div><small>It's not very effective... </small><small><span class="battle-nickname" title="Rotom-Mow">Rotom</span> lost 8% of its health!</small><br></div><div class="spacer"></div><div><span class="battle-nickname" title="Rotom-Mow">Rotom</span> used <strong>Will-O-Wisp</strong>!</div><div><small>The opposing <span class="battle-nickname-foe" title="Dedenne">Dedenne</span> was burned!</small></div><div class="spacer"></div><div><small><span class="battle-nickname" title="Rotom-Mow">Rotom</span> restored a little HP using its Leftovers!</small></div><div><small>The opposing <span class="battle-nickname-foe" title="Dedenne">Dedenne</span> was hurt by its burn!</small></div><div><small><span class="battle-nickname" title="Rotom-Mow">Rotom</span> was hurt by poison!</small></div><h2>Turn 22</h2><div class="spacer"></div><div>The opposing <span class="battle-nickname-foe" title="Dedenne">Dedenne</span> used <strong>Thunderbolt</strong>!</div><div><small>It's not very effective... </small><small><span class="battle-nickname" title="Rotom-Mow">Rotom</span> lost 8% of its health!</small><br></div><div class="spacer"></div><div><span class="battle-nickname" title="Rotom-Mow">Rotom</span> used <strong>Hidden Power</strong>!</div><div><small>The opposing <span class="battle-nickname-foe" title="Dedenne">Dedenne</span> lost 23% of its health!</small><br></div><div><small>The opposing <span class="battle-nickname-foe" title="Dedenne">Dedenne</span> ate its Petaya Berry!</small></div><div><small>The opposing <span class="battle-nickname-foe" title="Dedenne">Dedenne</span>'s Special Attack rose! </small></div><div><small>[Opposing <span class="battle-nickname-foe" title="Dedenne">Dedenne</span>'s Cheek Pouch!]</small></div><div><small>The opposing <span class="battle-nickname-foe" title="Dedenne">Dedenne</span> restored its HP.</small></div><div class="spacer"></div><div><small><span class="battle-nickname" title="Rotom-Mow">Rotom</span> restored a little HP using its Leftovers!</small></div><div><small>The opposing <span class="battle-nickname-foe" title="Dedenne">Dedenne</span> was hurt by its burn!</small></div><div><small><span class="battle-nickname" title="Rotom-Mow">Rotom</span> was hurt by poison!</small></div><h2>Turn 23</h2><div class="chat chatmessage-stayzi4"><strong style="color:hsl(81,58%,34%);"><small>+</small><span class="username" data-name="stayzi4">stayzi4</span>:</strong> <em>Посмотрела бокс Тениш и предполагаю, что след турнир будет разноцветным.</em></div><div class="chat chatmessage-stayzi4"><strong style="color:hsl(81,58%,34%);"><small>+</small><span class="username" data-name="stayzi4">stayzi4</span>:</strong> <em>Но такой уже был.</em></div><div class="chat chatmessage-konstructor"><strong style="color:hsl(10,39.21392%,43.78608%);"><small>☆</small><span class="username" data-name="Konstructor">Konstructor</span>:</strong> <em>Делианн, зачем тебе сердце Тенши вообще? оо</em></div><div class="spacer"></div><div>The opposing <span class="battle-nickname-foe" title="Dedenne">Dedenne</span> used <strong>Recycle</strong>!</div><div><small>The opposing <span class="battle-nickname-foe" title="Dedenne">Dedenne</span> found one Petaya Berry!</small></div><div class="spacer"></div><div><span class="battle-nickname" title="Rotom-Mow">Rotom</span> used <strong>Pain Split</strong>!</div><div><small>The battlers shared their pain!</small></div><div class="spacer"></div><div><small><span class="battle-nickname" title="Rotom-Mow">Rotom</span> restored a little HP using its Leftovers!</small></div><div><small>The opposing <span class="battle-nickname-foe" title="Dedenne">Dedenne</span> was hurt by its burn!</small></div><div><small><span class="battle-nickname" title="Rotom-Mow">Rotom</span> was hurt by poison!</small></div><h2>Turn 24</h2><div class="chat chatmessage-deliann"><strong style="color:hsl(64,76.32463786666666%,36.67536213333334%);"><small>+</small><span class="username" data-name="Deliann">Deliann</span>:</strong> <em>я не собираюсь на нем выигрывать же</em></div><div class="chat chatmessage-deliann"><strong style="color:hsl(64,76.32463786666666%,36.67536213333334%);"><small>+</small><span class="username" data-name="Deliann">Deliann</span>:</strong> <em>я вообще не приду скорее всего)</em></div><div class="spacer"></div><div>The opposing <span class="battle-nickname-foe" title="Dedenne">Dedenne</span> used <strong>Thunderbolt</strong>!</div><div><small>It's not very effective... </small><small><span class="battle-nickname" title="Rotom-Mow">Rotom</span> lost 11% of its health!</small><br></div><div class="spacer"></div><div><span class="battle-nickname" title="Rotom-Mow">Rotom</span> used <strong>Volt Switch</strong>!</div><div><small>It's not very effective... </small><small>The opposing <span class="battle-nickname-foe" title="Dedenne">Dedenne</span> lost 18% of its health!</small><br></div><div><small>The opposing <span class="battle-nickname-foe" title="Dedenne">Dedenne</span> ate its Petaya Berry!</small></div><div><small>The opposing <span class="battle-nickname-foe" title="Dedenne">Dedenne</span>'s Special Attack rose! </small></div><div><small>[Opposing <span class="battle-nickname-foe" title="Dedenne">Dedenne</span>'s Cheek Pouch!]</small></div><div><small>The opposing <span class="battle-nickname-foe" title="Dedenne">Dedenne</span> restored its HP.</small></div><div class="spacer"></div><div><span class="battle-nickname" title="Rotom-Mow">Rotom</span> went back to Konstructor!</div><div class="spacer"></div><div>Go! Samurott!</div><div><small>Pointed stones dug into <span class="battle-nickname" title="Samurott">Samurott</span>!</small></div><div class="spacer"></div><div><small>The opposing <span class="battle-nickname-foe" title="Dedenne">Dedenne</span> was hurt by its burn!</small></div><h2>Turn 25</h2><div class="chat chatmessage-konstructor"><strong style="color:hsl(10,39.21392%,43.78608%);"><small>☆</small><span class="username" data-name="Konstructor">Konstructor</span>:</strong> <em>а я вообще не пойду, я почти на 100% уверен, что там скучные призы</em></div><div class="spacer"></div><div>The opposing <span class="battle-nickname-foe" title="Dedenne">Dedenne</span> used <strong>Thunderbolt</strong>!</div><div><small>It's super effective! </small><small><span class="battle-nickname" title="Samurott">Samurott</span> lost 65% of its health!</small><br></div><div class="spacer"></div><div><span class="battle-nickname" title="Samurott">Samurott</span> fainted!</div><div class="spacer"></div><div><small>The opposing <span class="battle-nickname-foe" title="Dedenne">Dedenne</span> was hurt by its burn!</small></div><div class="chat chatmessage-stayzi4"><strong style="color:hsl(81,58%,34%);"><small>+</small><span class="username" data-name="stayzi4">stayzi4</span>:</strong> <em>На турнире за сердце Тенши выиграет... Зинкс</em></div><div class="chat chatmessage-refling"><strong style="color:hsl(274,92.25192586666667%,64.50385173333333%);"><small>☆</small><span class="username" data-name="Refling">Refling</span>:</strong> <em>Ой</em></div><div class="chat chatmessage-konstructor"><strong style="color:hsl(10,39.21392%,43.78608%);"><small>☆</small><span class="username" data-name="Konstructor">Konstructor</span>:</strong> <em>Это было бы прелестно :D</em></div><div class="spacer"></div><div>Go! <span class="battle-nickname" title="Rotom-Mow">Rotom <small>(Rotom-Mow)</small></span>!</div><div><small>Pointed stones dug into <span class="battle-nickname" title="Rotom-Mow">Rotom</span>!</small></div><div class="spacer"></div><div><span class="battle-nickname" title="Rotom-Mow">Rotom</span> fainted!</div><div class="spacer"></div><div>Refling won the battle!</div><div class="chat chatmessage-stayzi4"><strong style="color:hsl(81,58%,34%);"><small>+</small><span class="username" data-name="stayzi4">stayzi4</span>:</strong> <em>Или Майти</em></div><div class="chat chatmessage-refling"><strong style="color:hsl(274,92.25192586666667%,64.50385173333333%);"><small>☆</small><span class="username" data-name="Refling">Refling</span>:</strong> <em>Я что, побеждаю?</em></div><div class="chat chatmessage-konstructor"><strong style="color:hsl(10,39.21392%,43.78608%);"><small>☆</small><span class="username" data-name="Konstructor">Konstructor</span>:</strong> <em>Уже!</em></div></div></div>
</div>
<script>
var daily = Math.floor(Date.now()/1000/60/60/24);document.write('<script src="https://play.pokemonshowdown.com/js/replay-embed.js?version'+daily+'"></'+'script>');
</script>
