<!DOCTYPE html>
<meta charset="utf-8" />
<!-- version 1 -->
<title>[Gen 7] Random Battle replay: ccvc vs. hiddenpickle</title>
<style>
html,body {font-family:Verdana, sans-serif;font-size:10pt;margin:0;padding:0;}body{padding:12px 0;} .battle-log {font-family:Verdana, sans-serif;font-size:10pt;} .battle-log-inline {border:1px solid #AAAAAA;background:#EEF2F5;color:black;max-width:640px;margin:0 auto 80px;padding-bottom:5px;} .battle-log .inner {padding:4px 8px 0px 8px;} .battle-log .inner-preempt {padding:0 8px 4px 8px;} .battle-log .inner-after {margin-top:0.5em;} .battle-log h2 {margin:0.5em -8px;padding:4px 8px;border:1px solid #AAAAAA;background:#E0E7EA;border-left:0;border-right:0;font-family:Verdana, sans-serif;font-size:13pt;} .battle-log .chat {vertical-align:middle;padding:3px 0 3px 0;font-size:8pt;} .battle-log .chat strong {color:#40576A;} .battle-log .chat em {padding:1px 4px 1px 3px;color:#000000;font-style:normal;} .chat.mine {background:rgba(0,0,0,0.05);margin-left:-8px;margin-right:-8px;padding-left:8px;padding-right:8px;} .spoiler {color:#BBBBBB;background:#BBBBBB;padding:0px 3px;} .spoiler:hover, .spoiler:active, .spoiler-shown {color:#000000;background:#E2E2E2;padding:0px 3px;} .spoiler a {color:#BBBBBB;} .spoiler:hover a, .spoiler:active a, .spoiler-shown a {color:#2288CC;} .chat code, .chat .spoiler:hover code, .chat .spoiler:active code, .chat .spoiler-shown code {border:1px solid #C0C0C0;background:#EEEEEE;color:black;padding:0 2px;} .chat .spoiler code {border:1px solid #CCCCCC;background:#CCCCCC;color:#CCCCCC;} .battle-log .rated {padding:3px 4px;} .battle-log .rated strong {color:white;background:#89A;padding:1px 4px;border-radius:4px;} .spacer {margin-top:0.5em;} .message-announce {background:#6688AA;color:white;padding:1px 4px 2px;} .message-announce a, .broadcast-green a, .broadcast-blue a, .broadcast-red a {color:#DDEEFF;} .broadcast-green {background-color:#559955;color:white;padding:2px 4px;} .broadcast-blue {background-color:#6688AA;color:white;padding:2px 4px;} .infobox {border:1px solid #6688AA;padding:2px 4px;} .infobox-limited {max-height:200px;overflow:auto;overflow-x:hidden;} .broadcast-red {background-color:#AA5544;color:white;padding:2px 4px;} .message-learn-canlearn {font-weight:bold;color:#228822;text-decoration:underline;} .message-learn-cannotlearn {font-weight:bold;color:#CC2222;text-decoration:underline;} .message-effect-weak {font-weight:bold;color:#CC2222;} .message-effect-resist {font-weight:bold;color:#6688AA;} .message-effect-immune {font-weight:bold;color:#666666;} .message-learn-list {margin-top:0;margin-bottom:0;} .message-throttle-notice, .message-error {color:#992222;} .message-overflow, .chat small.message-overflow {font-size:0pt;} .message-overflow::before {font-size:9pt;content:'...';} .subtle {color:#3A4A66;}
</style>
<div class="wrapper replay-wrapper" style="max-width:1180px;margin:0 auto">
<input type="hidden" name="replayid" value="gen7randombattle-566891180" />
<div class="battle"></div><div class="battle-log"></div><div class="replay-controls"></div><div class="replay-controls-2"></div>
<h1 style="font-weight:normal;text-align:center"><strong>[Gen 7] Random Battle</strong><br /><a href="http://pokemonshowdown.com/users/ccvc" class="subtle" target="_blank">ccvc</a> vs. <a href="http://pokemonshowdown.com/users/hiddenpickle" class="subtle" target="_blank">hiddenpickle</a></h1>
<script type="text/plain" class="battle-log-data">|j|ccvc
|j|hiddenpickle
|player|p1|ccvc|169
|player|p2|hiddenpickle|102
|gametype|singles
|gen|7
|tier|[Gen 7] Random Battle
|seed|17602,6313,59012,51966,19407,10366,17257,34969,41870,22233,45053,53817
|rule|Sleep Clause Mod: Limit one foe put to sleep
|rule|HP Percentage Mod: HP is shown in percentages
|
|start
|switch|p1a: Stoutland|Stoutland, L79, M|100\/100
|switch|p2a: Electrode|Electrode, L79|100\/100
|-ability|p1a: Stoutland|Intimidate|boost
|-unboost|p2a: Electrode|atk|1
|turn|1
|choice|move superpower|move foulplay
|
|move|p2a: Electrode|Foul Play|p1a: Stoutland
|-damage|p1a: Stoutland|72\/100
|move|p1a: Stoutland|Superpower|p2a: Electrode
|-damage|p2a: Electrode|55\/100
|-unboost|p1a: Stoutland|atk|1
|-unboost|p1a: Stoutland|def|1
|
|upkeep
|turn|2
|choice|move superpower|move thunderbolt
|
|move|p2a: Electrode|Thunderbolt|p1a: Stoutland
|-damage|p1a: Stoutland|41\/100
|move|p1a: Stoutland|Superpower|p2a: Electrode
|-damage|p2a: Electrode|26\/100
|-unboost|p1a: Stoutland|atk|1
|-unboost|p1a: Stoutland|def|1
|
|upkeep
|turn|3
|choice|move superpower|move signalbeam
|
|move|p2a: Electrode|Signal Beam|p1a: Stoutland
|-damage|p1a: Stoutland|25\/100
|move|p1a: Stoutland|Superpower|p2a: Electrode
|-damage|p2a: Electrode|1\/100
|-unboost|p1a: Stoutland|atk|1
|-unboost|p1a: Stoutland|def|1
|
|upkeep
|turn|4
|choice|move superpower|move foulplay
|
|move|p2a: Electrode|Foul Play|p1a: Stoutland
|-damage|p1a: Stoutland|0 fnt
|faint|p1a: Stoutland
|
|upkeep
|choice|switch 2|
|
|switch|p1a: Simisear|Simisear, L79, M|100\/100
|turn|5
|choice|move fireblast|move thunderbolt
|
|move|p2a: Electrode|Thunderbolt|p1a: Simisear
|-damage|p1a: Simisear|57\/100
|-status|p1a: Simisear|par
|move|p1a: Simisear|Fire Blast|p2a: Electrode|[miss]
|-miss|p1a: Simisear|p2a: Electrode
|
|-heal|p1a: Simisear|63\/100 par|[from] item: Leftovers
|upkeep
|turn|6
|choice|move fireblast|move thunderbolt
|
|move|p2a: Electrode|Thunderbolt|p1a: Simisear
|-crit|p1a: Simisear
|-damage|p1a: Simisear|8\/100 par
|move|p1a: Simisear|Fire Blast|p2a: Electrode
|-damage|p2a: Electrode|0 fnt
|faint|p2a: Electrode
|
|-heal|p1a: Simisear|14\/100 par|[from] item: Leftovers
|upkeep
|choice||switch 3
|
|switch|p2a: Slowbro|Slowbro, L76, M|100\/100
|turn|7
|choice|move fireblast|move scald mega
|
|detailschange|p2a: Slowbro|Slowbro-Mega, L76, M
|-mega|p2a: Slowbro|Slowbro|Slowbronite
|move|p1a: Simisear|Fire Blast|p2a: Slowbro|[miss]
|-miss|p1a: Simisear|p2a: Slowbro
|move|p2a: Slowbro|Scald|p1a: Simisear
|-supereffective|p1a: Simisear
|-damage|p1a: Simisear|0 fnt
|faint|p1a: Simisear
|
|upkeep
|choice|switch 4|
|
|switch|p1a: Palossand|Palossand, L79, M|100\/100
|turn|8
|choice|move protect|move psyshock
|
|move|p1a: Palossand|Protect|p1a: Palossand
|-singleturn|p1a: Palossand|Protect
|move|p2a: Slowbro|Psyshock|p1a: Palossand
|-activate|p1a: Palossand|move: Protect
|
|upkeep
|turn|9
|choice|move protect|move psyshock
|
|move|p1a: Palossand|Protect|p1a: Palossand
|-singleturn|p1a: Palossand|Protect
|move|p2a: Slowbro|Psyshock|p1a: Palossand
|-activate|p1a: Palossand|move: Protect
|
|upkeep
|turn|10
|choice|move protect|move psyshock
|
|move|p1a: Palossand|Protect|p1a: Palossand
|-fail|p1a: Palossand
|move|p2a: Slowbro|Psyshock|p1a: Palossand
|-damage|p1a: Palossand|70\/100
|
|-heal|p1a: Palossand|76\/100|[from] item: Leftovers
|upkeep
|turn|11
|choice|move toxic|move icebeam
|
|move|p1a: Palossand|Toxic|p2a: Slowbro
|-status|p2a: Slowbro|tox
|move|p2a: Slowbro|Ice Beam|p1a: Palossand
|-supereffective|p1a: Palossand
|-damage|p1a: Palossand|15\/100
|-status|p1a: Palossand|frz
|
|-heal|p1a: Palossand|21\/100 frz|[from] item: Leftovers
|-damage|p2a: Slowbro|95\/100 tox|[from] psn
|upkeep
|turn|12
|choice|move protect|move icebeam
|
|cant|p1a: Palossand|frz
|move|p2a: Slowbro|Ice Beam|p1a: Palossand
|-supereffective|p1a: Palossand
|-crit|p1a: Palossand
|-damage|p1a: Palossand|0 fnt
|faint|p1a: Palossand
|
|-damage|p2a: Slowbro|83\/100 tox|[from] psn
|upkeep
|choice|switch 3|
|
|switch|p1a: Togedemaru|Togedemaru, L79, M|100\/100
|-item|p1a: Togedemaru|Air Balloon
|turn|13
|choice|move zingzap|move psyshock
|
|move|p1a: Togedemaru|Zing Zap|p2a: Slowbro
|-supereffective|p2a: Slowbro
|-damage|p2a: Slowbro|47\/100 tox
|move|p2a: Slowbro|Psyshock|p1a: Togedemaru
|-resisted|p1a: Togedemaru
|-damage|p1a: Togedemaru|76\/100
|-enditem|p1a: Togedemaru|Air Balloon
|
|-damage|p2a: Slowbro|29\/100 tox|[from] psn
|upkeep
|turn|14
|choice|move zingzap|move slackoff
|
|move|p1a: Togedemaru|Zing Zap|p2a: Slowbro
|-supereffective|p2a: Slowbro
|-damage|p2a: Slowbro|0 fnt
|faint|p2a: Slowbro
|
|upkeep
|choice||switch 6
|
|switch|p2a: Bellossom|Bellossom, L79, M|100\/100
|turn|15
|choice|move spikyshield|move sleeppowder
|
|move|p1a: Togedemaru|Spiky Shield|p1a: Togedemaru
|-singleturn|p1a: Togedemaru|move: Protect
|move|p2a: Bellossom|Sleep Powder|p1a: Togedemaru
|-activate|p1a: Togedemaru|move: Protect
|
|upkeep
|turn|16
|choice|move zingzap|move sleeppowder
|
|move|p1a: Togedemaru|Zing Zap|p2a: Bellossom
|-resisted|p2a: Bellossom
|-crit|p2a: Bellossom
|-damage|p2a: Bellossom|78\/100
|move|p2a: Bellossom|Sleep Powder|p1a: Togedemaru
|-status|p1a: Togedemaru|slp
|
|upkeep
|turn|17
|choice|move spikyshield|move gigadrain
|
|cant|p1a: Togedemaru|slp
|move|p2a: Bellossom|Giga Drain|p1a: Togedemaru
|-resisted|p1a: Togedemaru
|-damage|p1a: Togedemaru|53\/100 slp
|-heal|p2a: Bellossom|88\/100|[from] drain|[of] p1a: Togedemaru
|-damage|p2a: Bellossom|79\/100|[from] item: Life Orb
|
|upkeep
|turn|18
|choice|move spikyshield|move gigadrain
|
|-curestatus|p1a: Togedemaru|slp|[msg]
|move|p1a: Togedemaru|Spiky Shield|p1a: Togedemaru
|-singleturn|p1a: Togedemaru|move: Protect
|move|p2a: Bellossom|Giga Drain|p1a: Togedemaru
|-activate|p1a: Togedemaru|move: Protect
|
|upkeep
|turn|19
|choice|move wish|move gigadrain
|
|move|p1a: Togedemaru|Wish|p1a: Togedemaru
|move|p2a: Bellossom|Giga Drain|p1a: Togedemaru
|-resisted|p1a: Togedemaru
|-damage|p1a: Togedemaru|31\/100
|-heal|p2a: Bellossom|89\/100|[from] drain|[of] p1a: Togedemaru
|-damage|p2a: Bellossom|80\/100|[from] item: Life Orb
|
|upkeep
|turn|20
|choice|move uturn|move gigadrain
|
|move|p1a: Togedemaru|U-turn|p2a: Bellossom
|-supereffective|p2a: Bellossom
|-damage|p2a: Bellossom|46\/100
|choice|switch 5|
|
|switch|p1a: Metagross|Metagross, L75|100\/100
|move|p2a: Bellossom|Giga Drain|p1a: Metagross
|-resisted|p1a: Metagross
|-damage|p1a: Metagross|80\/100
|-heal|p2a: Bellossom|56\/100|[from] drain|[of] p1a: Metagross
|-damage|p2a: Bellossom|46\/100|[from] item: Life Orb
|
|-heal|p1a: Metagross|100\/100|[from] move: Wish|[wisher] Togedemaru
|upkeep
|turn|21
|choice|move zenheadbutt mega|move moonblast
|
|detailschange|p1a: Metagross|Metagross-Mega, L75
|-mega|p1a: Metagross|Metagross|Metagrossite
|move|p1a: Metagross|Zen Headbutt|p2a: Bellossom
|-damage|p2a: Bellossom|0 fnt
|faint|p2a: Bellossom
|
|upkeep
|choice||switch 5
|
|switch|p2a: Kyurem|Kyurem-Black, L76|100\/100
|-ability|p2a: Kyurem|Teravolt
|turn|22
|choice|move zenheadbutt|move outrage
|
|move|p1a: Metagross|Zen Headbutt|p2a: Kyurem
|-damage|p2a: Kyurem|63\/100
|move|p2a: Kyurem|Outrage|p1a: Metagross
|-resisted|p1a: Metagross
|-damage|p1a: Metagross|75\/100
|
|-heal|p2a: Kyurem|69\/100|[from] item: Leftovers
|upkeep
|turn|23
|choice|move zenheadbutt|move outrage
|
|move|p1a: Metagross|Zen Headbutt|p2a: Kyurem|[miss]
|-miss|p1a: Metagross|p2a: Kyurem
|move|p2a: Kyurem|Outrage|p1a: Metagross|[from]lockedmove
|-resisted|p1a: Metagross
|-damage|p1a: Metagross|50\/100
|
|-heal|p2a: Kyurem|75\/100|[from] item: Leftovers
|upkeep
|turn|24
|choice|move hammerarm|move outrage
|
|move|p1a: Metagross|Hammer Arm|p2a: Kyurem
|-supereffective|p2a: Kyurem
|-damage|p2a: Kyurem|7\/100
|-unboost|p1a: Metagross|spe|1
|move|p2a: Kyurem|Outrage|p1a: Metagross|[from]lockedmove
|-resisted|p1a: Metagross
|-damage|p1a: Metagross|24\/100
|-start|p2a: Kyurem|confusion|[fatigue]
|
|-heal|p2a: Kyurem|13\/100|[from] item: Leftovers
|upkeep
|turn|25
|choice|move hammerarm|move roost
|
|-activate|p2a: Kyurem|confusion
|move|p2a: Kyurem|Roost|p2a: Kyurem
|-heal|p2a: Kyurem|63\/100
|move|p1a: Metagross|Hammer Arm|p2a: Kyurem
|-supereffective|p2a: Kyurem
|-damage|p2a: Kyurem|0 fnt
|-unboost|p1a: Metagross|spe|1
|faint|p2a: Kyurem
|
|upkeep
|choice||switch 2
|
|switch|p2a: Spiritomb|Spiritomb, L79, M|100\/100
|turn|26
|choice|move hammerarm|move darkpulse
|
|move|p1a: Metagross|Hammer Arm|p2a: Spiritomb
|-immune|p2a: Spiritomb|[msg]
|move|p2a: Spiritomb|Dark Pulse|p1a: Metagross
|-supereffective|p1a: Metagross
|-damage|p1a: Metagross|0 fnt
|-damage|p2a: Spiritomb|91\/100|[from] item: Life Orb
|faint|p1a: Metagross
|
|upkeep
|choice|switch 6|
|
|switch|p1a: Seismitoad|Seismitoad, L79, M|100\/100
|turn|27
|choice|move hydropump|move darkpulse
|
|move|p1a: Seismitoad|Hydro Pump|p2a: Spiritomb
|-damage|p2a: Spiritomb|50\/100
|move|p2a: Spiritomb|Dark Pulse|p1a: Seismitoad
|-damage|p1a: Seismitoad|63\/100
|-damage|p2a: Spiritomb|41\/100|[from] item: Life Orb
|
|-heal|p1a: Seismitoad|69\/100|[from] item: Leftovers
|upkeep
|turn|28
|choice|move knockoff|move darkpulse
|
|move|p1a: Seismitoad|Knock Off|p2a: Spiritomb
|-damage|p2a: Spiritomb|15\/100
|-enditem|p2a: Spiritomb|Life Orb|[from] move: Knock Off|[of] p1a: Seismitoad
|move|p2a: Spiritomb|Dark Pulse|p1a: Seismitoad
|-damage|p1a: Seismitoad|38\/100
|
|-heal|p1a: Seismitoad|45\/100|[from] item: Leftovers
|upkeep
|turn|29
|choice|move knockoff|move shadowsneak
|
|move|p2a: Spiritomb|Shadow Sneak|p1a: Seismitoad
|-damage|p1a: Seismitoad|29\/100
|move|p1a: Seismitoad|Knock Off|p2a: Spiritomb
|-damage|p2a: Spiritomb|0 fnt
|faint|p2a: Spiritomb
|
|-heal|p1a: Seismitoad|35\/100|[from] item: Leftovers
|upkeep
|choice||switch 4
|
|switch|p2a: Mothim|Mothim, L79, M|100\/100
|turn|30
|choice|move stealthrock|move gigadrain
|
|move|p1a: Seismitoad|Stealth Rock|p2a: Mothim
|-sidestart|p2: hiddenpickle|move: Stealth Rock
|move|p2a: Mothim|Giga Drain|p1a: Seismitoad
|-supereffective|p1a: Seismitoad
|-damage|p1a: Seismitoad|0 fnt
|-damage|p2a: Mothim|91\/100|[from] item: Life Orb
|faint|p1a: Seismitoad
|
|upkeep
|choice|switch 5|
|
|switch|p1a: Togedemaru|Togedemaru, L79, M|31\/100
|turn|31
|choice|move zingzap|move gigadrain
|
|move|p1a: Togedemaru|Zing Zap|p2a: Mothim
|-supereffective|p2a: Mothim
|-damage|p2a: Mothim|0 fnt
|faint|p2a: Mothim
|
|win|ccvc
|l|hiddenpickle</script>
</div>
<div class="battle-log battle-log-inline"><div class="inner"><div class="chat"><small>ccvc joined.</small></div><div class="chat"><small>hiddenpickle joined.</small></div><div style="padding:5px 0"><small>Format:</small> <br><strong>[Gen 7] Random Battle</strong></div><div><small><em>Sleep Clause Mod:</em> Limit one foe put to sleep</small></div><div><small><em>HP Percentage Mod:</em> HP is shown in percentages</small></div><div>Battle between ccvc and hiddenpickle started!</div><div class="spacer"></div><div>Go! Stoutland!</div><div class="spacer"></div><div>hiddenpickle sent out Electrode!</div><div><small>[<span class="battle-nickname" title="Stoutland">Stoutland</span>'s Intimidate!]</small></div><div><small>The opposing <span class="battle-nickname-foe" title="Electrode">Electrode</span>'s Attack fell! </small></div><h2>Turn 1</h2><div class="spacer"></div><div>The opposing <span class="battle-nickname-foe" title="Electrode">Electrode</span> used <strong>Foul Play</strong>!</div><div><small><span class="battle-nickname" title="Stoutland">Stoutland</span> lost 28% of its health!</small><br></div><div class="spacer"></div><div><span class="battle-nickname" title="Stoutland">Stoutland</span> used <strong>Superpower</strong>!</div><div><small>The opposing <span class="battle-nickname-foe" title="Electrode">Electrode</span> lost 45% of its health!</small><br></div><div><small><span class="battle-nickname" title="Stoutland">Stoutland</span>'s Attack fell! <span class="battle-nickname" title="Stoutland">Stoutland</span>'s Defense fell! </small></div><h2>Turn 2</h2><div class="spacer"></div><div>The opposing <span class="battle-nickname-foe" title="Electrode">Electrode</span> used <strong>Thunderbolt</strong>!</div><div><small><span class="battle-nickname" title="Stoutland">Stoutland</span> lost 31% of its health!</small><br></div><div class="spacer"></div><div><span class="battle-nickname" title="Stoutland">Stoutland</span> used <strong>Superpower</strong>!</div><div><small>The opposing <span class="battle-nickname-foe" title="Electrode">Electrode</span> lost 29% of its health!</small><br></div><div><small><span class="battle-nickname" title="Stoutland">Stoutland</span>'s Attack fell! <span class="battle-nickname" title="Stoutland">Stoutland</span>'s Defense fell! </small></div><h2>Turn 3</h2><div class="spacer"></div><div>The opposing <span class="battle-nickname-foe" title="Electrode">Electrode</span> used <strong>Signal Beam</strong>!</div><div><small><span class="battle-nickname" title="Stoutland">Stoutland</span> lost 16% of its health!</small><br></div><div class="spacer"></div><div><span class="battle-nickname" title="Stoutland">Stoutland</span> used <strong>Superpower</strong>!</div><div><small>The opposing <span class="battle-nickname-foe" title="Electrode">Electrode</span> lost 25% of its health!</small><br></div><div><small><span class="battle-nickname" title="Stoutland">Stoutland</span>'s Attack fell! <span class="battle-nickname" title="Stoutland">Stoutland</span>'s Defense fell! </small></div><h2>Turn 4</h2><div class="spacer"></div><div>The opposing <span class="battle-nickname-foe" title="Electrode">Electrode</span> used <strong>Foul Play</strong>!</div><div><small><span class="battle-nickname" title="Stoutland">Stoutland</span> lost 25% of its health!</small><br></div><div class="spacer"></div><div><span class="battle-nickname" title="Stoutland">Stoutland</span> fainted!</div><div class="spacer"></div><div>Go! Simisear!</div><h2>Turn 5</h2><div class="spacer"></div><div>The opposing <span class="battle-nickname-foe" title="Electrode">Electrode</span> used <strong>Thunderbolt</strong>!</div><div><small><span class="battle-nickname" title="Simisear">Simisear</span> lost 43% of its health!</small><br></div><div><small><span class="battle-nickname" title="Simisear">Simisear</span> is paralyzed! It may be unable to move!</small></div><div class="spacer"></div><div><span class="battle-nickname" title="Simisear">Simisear</span> used <strong>Fire Blast</strong>!</div><div><small>The opposing <span class="battle-nickname-foe" title="Electrode">Electrode</span> avoided the attack!</small></div><div class="spacer"></div><div><small><span class="battle-nickname" title="Simisear">Simisear</span> restored a little HP using its Leftovers!</small></div><h2>Turn 6</h2><div class="spacer"></div><div>The opposing <span class="battle-nickname-foe" title="Electrode">Electrode</span> used <strong>Thunderbolt</strong>!</div><div><small>A critical hit! </small><small><span class="battle-nickname" title="Simisear">Simisear</span> lost 55% of its health!</small><br></div><div class="spacer"></div><div><span class="battle-nickname" title="Simisear">Simisear</span> used <strong>Fire Blast</strong>!</div><div><small>The opposing <span class="battle-nickname-foe" title="Electrode">Electrode</span> lost 1% of its health!</small><br></div><div class="spacer"></div><div>The opposing <span class="battle-nickname-foe" title="Electrode">Electrode</span> fainted!</div><div class="spacer"></div><div><small><span class="battle-nickname" title="Simisear">Simisear</span> restored a little HP using its Leftovers!</small></div><div class="spacer"></div><div>hiddenpickle sent out Slowbro!</div><h2>Turn 7</h2><div class="spacer"></div><div><small>The opposing <span class="battle-nickname-foe" title="Slowbro-Mega">Slowbro</span>'s Slowbronite is reacting to hiddenpickle's Mega Bracelet!<br>The opposing <span class="battle-nickname-foe" title="Slowbro-Mega">Slowbro</span> has Mega Evolved into Mega Slowbro!</small></div><div class="spacer"></div><div><span class="battle-nickname" title="Simisear">Simisear</span> used <strong>Fire Blast</strong>!</div><div><small>The opposing <span class="battle-nickname-foe" title="Slowbro-Mega">Slowbro</span> avoided the attack!</small></div><div class="spacer"></div><div>The opposing <span class="battle-nickname-foe" title="Slowbro-Mega">Slowbro</span> used <strong>Scald</strong>!</div><div><small>It's super effective! </small><small><span class="battle-nickname" title="Simisear">Simisear</span> lost 14% of its health!</small><br></div><div class="spacer"></div><div><span class="battle-nickname" title="Simisear">Simisear</span> fainted!</div><div class="spacer"></div><div>Go! Palossand!</div><h2>Turn 8</h2><div class="spacer"></div><div><span class="battle-nickname" title="Palossand">Palossand</span> used <strong>Protect</strong>!</div><div><small><span class="battle-nickname" title="Palossand">Palossand</span> protected itself!</small></div><div class="spacer"></div><div>The opposing <span class="battle-nickname-foe" title="Slowbro-Mega">Slowbro</span> used <strong>Psyshock</strong>!</div><div><small><span class="battle-nickname" title="Palossand">Palossand</span> protected itself!</small></div><h2>Turn 9</h2><div class="spacer"></div><div><span class="battle-nickname" title="Palossand">Palossand</span> used <strong>Protect</strong>!</div><div><small><span class="battle-nickname" title="Palossand">Palossand</span> protected itself!</small></div><div class="spacer"></div><div>The opposing <span class="battle-nickname-foe" title="Slowbro-Mega">Slowbro</span> used <strong>Psyshock</strong>!</div><div><small><span class="battle-nickname" title="Palossand">Palossand</span> protected itself!</small></div><h2>Turn 10</h2><div class="spacer"></div><div><span class="battle-nickname" title="Palossand">Palossand</span> used <strong>Protect</strong>!</div><div><small>But it failed!</small></div><div class="spacer"></div><div>The opposing <span class="battle-nickname-foe" title="Slowbro-Mega">Slowbro</span> used <strong>Psyshock</strong>!</div><div><small><span class="battle-nickname" title="Palossand">Palossand</span> lost 30% of its health!</small><br></div><div class="spacer"></div><div><small><span class="battle-nickname" title="Palossand">Palossand</span> restored a little HP using its Leftovers!</small></div><h2>Turn 11</h2><div class="spacer"></div><div><span class="battle-nickname" title="Palossand">Palossand</span> used <strong>Toxic</strong>!</div><div><small>The opposing <span class="battle-nickname-foe" title="Slowbro-Mega">Slowbro</span> was badly poisoned!</small></div><div class="spacer"></div><div>The opposing <span class="battle-nickname-foe" title="Slowbro-Mega">Slowbro</span> used <strong>Ice Beam</strong>!</div><div><small>It's super effective! </small><small><span class="battle-nickname" title="Palossand">Palossand</span> lost 61% of its health!</small><br></div><div><small><span class="battle-nickname" title="Palossand">Palossand</span> was frozen solid!</small></div><div class="spacer"></div><div><small><span class="battle-nickname" title="Palossand">Palossand</span> restored a little HP using its Leftovers!</small></div><div><small>The opposing <span class="battle-nickname-foe" title="Slowbro-Mega">Slowbro</span> was hurt by poison!</small></div><h2>Turn 12</h2><div class="spacer"></div><div><span class="battle-nickname" title="Palossand">Palossand</span> is frozen solid!</div><div class="spacer"></div><div>The opposing <span class="battle-nickname-foe" title="Slowbro-Mega">Slowbro</span> used <strong>Ice Beam</strong>!</div><div><small>It's super effective! A critical hit! </small><small><span class="battle-nickname" title="Palossand">Palossand</span> lost 21% of its health!</small><br></div><div class="spacer"></div><div><span class="battle-nickname" title="Palossand">Palossand</span> fainted!</div><div class="spacer"></div><div><small>The opposing <span class="battle-nickname-foe" title="Slowbro-Mega">Slowbro</span> was hurt by poison!</small></div><div class="spacer"></div><div>Go! Togedemaru!</div><div><small><span class="battle-nickname" title="Togedemaru">Togedemaru</span> floats in the air with its Air Balloon!</small></div><h2>Turn 13</h2><div class="spacer"></div><div><span class="battle-nickname" title="Togedemaru">Togedemaru</span> used <strong>Zing Zap</strong>!</div><div><small>It's super effective! </small><small>The opposing <span class="battle-nickname-foe" title="Slowbro-Mega">Slowbro</span> lost 36% of its health!</small><br></div><div class="spacer"></div><div>The opposing <span class="battle-nickname-foe" title="Slowbro-Mega">Slowbro</span> used <strong>Psyshock</strong>!</div><div><small>It's not very effective... </small><small><span class="battle-nickname" title="Togedemaru">Togedemaru</span> lost 24% of its health!</small><br></div><div><small><span class="battle-nickname" title="Togedemaru">Togedemaru</span>'s Air Balloon popped!</small></div><div class="spacer"></div><div><small>The opposing <span class="battle-nickname-foe" title="Slowbro-Mega">Slowbro</span> was hurt by poison!</small></div><h2>Turn 14</h2><div class="spacer"></div><div><span class="battle-nickname" title="Togedemaru">Togedemaru</span> used <strong>Zing Zap</strong>!</div><div><small>It's super effective! </small><small>The opposing <span class="battle-nickname-foe" title="Slowbro-Mega">Slowbro</span> lost 28% of its health!</small><br></div><div class="spacer"></div><div>The opposing <span class="battle-nickname-foe" title="Slowbro-Mega">Slowbro</span> fainted!</div><div class="spacer"></div><div>hiddenpickle sent out Bellossom!</div><h2>Turn 15</h2><div class="spacer"></div><div><span class="battle-nickname" title="Togedemaru">Togedemaru</span> used <strong>Spiky Shield</strong>!</div><div><small><span class="battle-nickname" title="Togedemaru">Togedemaru</span> protected itself!</small></div><div class="spacer"></div><div>The opposing <span class="battle-nickname-foe" title="Bellossom">Bellossom</span> used <strong>Sleep Powder</strong>!</div><div><small><span class="battle-nickname" title="Togedemaru">Togedemaru</span> protected itself!</small></div><h2>Turn 16</h2><div class="spacer"></div><div><span class="battle-nickname" title="Togedemaru">Togedemaru</span> used <strong>Zing Zap</strong>!</div><div><small>It's not very effective... A critical hit! </small><small>The opposing <span class="battle-nickname-foe" title="Bellossom">Bellossom</span> lost 22% of its health!</small><br></div><div class="spacer"></div><div>The opposing <span class="battle-nickname-foe" title="Bellossom">Bellossom</span> used <strong>Sleep Powder</strong>!</div><div><small><span class="battle-nickname" title="Togedemaru">Togedemaru</span> fell asleep!</small></div><h2>Turn 17</h2><div class="spacer"></div><div><span class="battle-nickname" title="Togedemaru">Togedemaru</span> is fast asleep.</div><div class="spacer"></div><div>The opposing <span class="battle-nickname-foe" title="Bellossom">Bellossom</span> used <strong>Giga Drain</strong>!</div><div><small>It's not very effective... </small><small><span class="battle-nickname" title="Togedemaru">Togedemaru</span> lost 23% of its health!</small><br></div><div><small><span class="battle-nickname" title="Togedemaru">Togedemaru</span> had its energy drained!</small></div><div><small>The opposing <span class="battle-nickname-foe" title="Bellossom">Bellossom</span> lost some of its HP!</small></div><h2>Turn 18</h2><div class="spacer"></div><div><small><span class="battle-nickname" title="Togedemaru">Togedemaru</span> woke up!</small></div><div class="spacer"></div><div><span class="battle-nickname" title="Togedemaru">Togedemaru</span> used <strong>Spiky Shield</strong>!</div><div><small><span class="battle-nickname" title="Togedemaru">Togedemaru</span> protected itself!</small></div><div class="spacer"></div><div>The opposing <span class="battle-nickname-foe" title="Bellossom">Bellossom</span> used <strong>Giga Drain</strong>!</div><div><small><span class="battle-nickname" title="Togedemaru">Togedemaru</span> protected itself!</small></div><h2>Turn 19</h2><div class="spacer"></div><div><span class="battle-nickname" title="Togedemaru">Togedemaru</span> used <strong>Wish</strong>!</div><div class="spacer"></div><div>The opposing <span class="battle-nickname-foe" title="Bellossom">Bellossom</span> used <strong>Giga Drain</strong>!</div><div><small>It's not very effective... </small><small><span class="battle-nickname" title="Togedemaru">Togedemaru</span> lost 22% of its health!</small><br></div><div><small><span class="battle-nickname" title="Togedemaru">Togedemaru</span> had its energy drained!</small></div><div><small>The opposing <span class="battle-nickname-foe" title="Bellossom">Bellossom</span> lost some of its HP!</small></div><h2>Turn 20</h2><div class="spacer"></div><div><span class="battle-nickname" title="Togedemaru">Togedemaru</span> used <strong>U-turn</strong>!</div><div><small>It's super effective! </small><small>The opposing <span class="battle-nickname-foe" title="Bellossom">Bellossom</span> lost 34% of its health!</small><br></div><div class="spacer"></div><div><span class="battle-nickname" title="Togedemaru">Togedemaru</span> went back to ccvc!</div><div class="spacer"></div><div>Go! Metagross!</div><div class="spacer"></div><div>The opposing <span class="battle-nickname-foe" title="Bellossom">Bellossom</span> used <strong>Giga Drain</strong>!</div><div><small>It's not very effective... </small><small><span class="battle-nickname" title="Metagross">Metagross</span> lost 20% of its health!</small><br></div><div><small><span class="battle-nickname" title="Metagross">Metagross</span> had its energy drained!</small></div><div><small>The opposing <span class="battle-nickname-foe" title="Bellossom">Bellossom</span> lost some of its HP!</small></div><div class="spacer"></div><div><small>Togedemaru's wish came true!</small></div><h2>Turn 21</h2><div class="spacer"></div><div><small><span class="battle-nickname" title="Metagross-Mega">Metagross</span>'s Metagrossite is reacting to ccvc's Mega Bracelet!<br><span class="battle-nickname" title="Metagross-Mega">Metagross</span> has Mega Evolved into Mega Metagross!</small></div><div class="spacer"></div><div><span class="battle-nickname" title="Metagross-Mega">Metagross</span> used <strong>Zen Headbutt</strong>!</div><div><small>The opposing <span class="battle-nickname-foe" title="Bellossom">Bellossom</span> lost 46% of its health!</small><br></div><div class="spacer"></div><div>The opposing <span class="battle-nickname-foe" title="Bellossom">Bellossom</span> fainted!</div><div class="spacer"></div><div>hiddenpickle sent out <span class="battle-nickname-foe" title="Kyurem-Black">Kyurem <small>(Kyurem-Black)</small></span>!</div><div><small>[Opposing <span class="battle-nickname-foe" title="Kyurem-Black">Kyurem</span>'s Teravolt!]</small></div><div><small>The opposing <span class="battle-nickname-foe" title="Kyurem-Black">Kyurem</span> is radiating a bursting aura!</small></div><h2>Turn 22</h2><div class="spacer"></div><div><span class="battle-nickname" title="Metagross-Mega">Metagross</span> used <strong>Zen Headbutt</strong>!</div><div><small>The opposing <span class="battle-nickname-foe" title="Kyurem-Black">Kyurem</span> lost 37% of its health!</small><br></div><div class="spacer"></div><div>The opposing <span class="battle-nickname-foe" title="Kyurem-Black">Kyurem</span> used <strong>Outrage</strong>!</div><div><small>It's not very effective... </small><small><span class="battle-nickname" title="Metagross-Mega">Metagross</span> lost 25% of its health!</small><br></div><div class="spacer"></div><div><small>The opposing <span class="battle-nickname-foe" title="Kyurem-Black">Kyurem</span> restored a little HP using its Leftovers!</small></div><h2>Turn 23</h2><div class="spacer"></div><div><span class="battle-nickname" title="Metagross-Mega">Metagross</span> used <strong>Zen Headbutt</strong>!</div><div><small>The opposing <span class="battle-nickname-foe" title="Kyurem-Black">Kyurem</span> avoided the attack!</small></div><div class="spacer"></div><div>The opposing <span class="battle-nickname-foe" title="Kyurem-Black">Kyurem</span> used <strong>Outrage</strong>!</div><div><small>It's not very effective... </small><small><span class="battle-nickname" title="Metagross-Mega">Metagross</span> lost 25% of its health!</small><br></div><div class="spacer"></div><div><small>The opposing <span class="battle-nickname-foe" title="Kyurem-Black">Kyurem</span> restored a little HP using its Leftovers!</small></div><h2>Turn 24</h2><div class="spacer"></div><div><span class="battle-nickname" title="Metagross-Mega">Metagross</span> used <strong>Hammer Arm</strong>!</div><div><small>It's super effective! </small><small>The opposing <span class="battle-nickname-foe" title="Kyurem-Black">Kyurem</span> lost 68% of its health!</small><br></div><div><small><span class="battle-nickname" title="Metagross-Mega">Metagross</span>'s Speed fell! </small></div><div class="spacer"></div><div>The opposing <span class="battle-nickname-foe" title="Kyurem-Black">Kyurem</span> used <strong>Outrage</strong>!</div><div><small>It's not very effective... </small><small><span class="battle-nickname" title="Metagross-Mega">Metagross</span> lost 26% of its health!</small><br></div><div><small>The opposing <span class="battle-nickname-foe" title="Kyurem-Black">Kyurem</span> became confused due to fatigue!</small></div><div class="spacer"></div><div><small>The opposing <span class="battle-nickname-foe" title="Kyurem-Black">Kyurem</span> restored a little HP using its Leftovers!</small></div><h2>Turn 25</h2><div class="spacer"></div><div><small>The opposing <span class="battle-nickname-foe" title="Kyurem-Black">Kyurem</span> is confused!</small></div><div class="spacer"></div><div>The opposing <span class="battle-nickname-foe" title="Kyurem-Black">Kyurem</span> used <strong>Roost</strong>!</div><div><small>The opposing <span class="battle-nickname-foe" title="Kyurem-Black">Kyurem</span> restored its HP.</small></div><div class="spacer"></div><div><span class="battle-nickname" title="Metagross-Mega">Metagross</span> used <strong>Hammer Arm</strong>!</div><div><small>It's super effective! </small><small>The opposing <span class="battle-nickname-foe" title="Kyurem-Black">Kyurem</span> lost 63% of its health!</small><br></div><div><small><span class="battle-nickname" title="Metagross-Mega">Metagross</span>'s Speed fell! </small></div><div class="spacer"></div><div>The opposing <span class="battle-nickname-foe" title="Kyurem-Black">Kyurem</span> fainted!</div><div class="spacer"></div><div>hiddenpickle sent out Spiritomb!</div><h2>Turn 26</h2><div class="spacer"></div><div><span class="battle-nickname" title="Metagross-Mega">Metagross</span> used <strong>Hammer Arm</strong>!</div><div><small>It doesn't affect the opposing <span class="battle-nickname-foe" title="Spiritomb">Spiritomb</span>... </small></div><div class="spacer"></div><div>The opposing <span class="battle-nickname-foe" title="Spiritomb">Spiritomb</span> used <strong>Dark Pulse</strong>!</div><div><small>It's super effective! </small><small><span class="battle-nickname" title="Metagross-Mega">Metagross</span> lost 24% of its health!</small><br></div><div><small>The opposing <span class="battle-nickname-foe" title="Spiritomb">Spiritomb</span> lost some of its HP!</small></div><div class="spacer"></div><div><span class="battle-nickname" title="Metagross-Mega">Metagross</span> fainted!</div><div class="spacer"></div><div>Go! Seismitoad!</div><h2>Turn 27</h2><div class="spacer"></div><div><span class="battle-nickname" title="Seismitoad">Seismitoad</span> used <strong>Hydro Pump</strong>!</div><div><small>The opposing <span class="battle-nickname-foe" title="Spiritomb">Spiritomb</span> lost 41% of its health!</small><br></div><div class="spacer"></div><div>The opposing <span class="battle-nickname-foe" title="Spiritomb">Spiritomb</span> used <strong>Dark Pulse</strong>!</div><div><small><span class="battle-nickname" title="Seismitoad">Seismitoad</span> lost 37% of its health!</small><br></div><div><small>The opposing <span class="battle-nickname-foe" title="Spiritomb">Spiritomb</span> lost some of its HP!</small></div><div class="spacer"></div><div><small><span class="battle-nickname" title="Seismitoad">Seismitoad</span> restored a little HP using its Leftovers!</small></div><h2>Turn 28</h2><div class="spacer"></div><div><span class="battle-nickname" title="Seismitoad">Seismitoad</span> used <strong>Knock Off</strong>!</div><div><small>The opposing <span class="battle-nickname-foe" title="Spiritomb">Spiritomb</span> lost 26% of its health!</small><br></div><div><small><span class="battle-nickname" title="Seismitoad">Seismitoad</span> knocked off the opposing <span class="battle-nickname-foe" title="Spiritomb">Spiritomb</span>'s Life Orb!</small></div><div class="spacer"></div><div>The opposing <span class="battle-nickname-foe" title="Spiritomb">Spiritomb</span> used <strong>Dark Pulse</strong>!</div><div><small><span class="battle-nickname" title="Seismitoad">Seismitoad</span> lost 31% of its health!</small><br></div><div class="spacer"></div><div><small><span class="battle-nickname" title="Seismitoad">Seismitoad</span> restored a little HP using its Leftovers!</small></div><h2>Turn 29</h2><div class="spacer"></div><div>The opposing <span class="battle-nickname-foe" title="Spiritomb">Spiritomb</span> used <strong>Shadow Sneak</strong>!</div><div><small><span class="battle-nickname" title="Seismitoad">Seismitoad</span> lost 16% of its health!</small><br></div><div class="spacer"></div><div><span class="battle-nickname" title="Seismitoad">Seismitoad</span> used <strong>Knock Off</strong>!</div><div><small>The opposing <span class="battle-nickname-foe" title="Spiritomb">Spiritomb</span> lost 15% of its health!</small><br></div><div class="spacer"></div><div>The opposing <span class="battle-nickname-foe" title="Spiritomb">Spiritomb</span> fainted!</div><div class="spacer"></div><div><small><span class="battle-nickname" title="Seismitoad">Seismitoad</span> restored a little HP using its Leftovers!</small></div><div class="spacer"></div><div>hiddenpickle sent out Mothim!</div><h2>Turn 30</h2><div class="spacer"></div><div><span class="battle-nickname" title="Seismitoad">Seismitoad</span> used <strong>Stealth Rock</strong>!</div><div><small>Pointed stones float in the air around the opposing team!</small></div><div class="spacer"></div><div>The opposing <span class="battle-nickname-foe" title="Mothim">Mothim</span> used <strong>Giga Drain</strong>!</div><div><small>It's super effective! </small><small><span class="battle-nickname" title="Seismitoad">Seismitoad</span> lost 35% of its health!</small><br></div><div><small>The opposing <span class="battle-nickname-foe" title="Mothim">Mothim</span> lost some of its HP!</small></div><div class="spacer"></div><div><span class="battle-nickname" title="Seismitoad">Seismitoad</span> fainted!</div><div class="spacer"></div><div>Go! Togedemaru!</div><h2>Turn 31</h2><div class="spacer"></div><div><span class="battle-nickname" title="Togedemaru">Togedemaru</span> used <strong>Zing Zap</strong>!</div><div><small>It's super effective! </small><small>The opposing <span class="battle-nickname-foe" title="Mothim">Mothim</span> lost 91% of its health!</small><br></div><div class="spacer"></div><div>The opposing <span class="battle-nickname-foe" title="Mothim">Mothim</span> fainted!</div><div class="spacer"></div><div>ccvc won the battle!</div><div class="chat"><small>hiddenpickle left.</small></div></div></div>
</div>
<script>
var daily = Math.floor(Date.now()/1000/60/60/24);document.write('<script src="https://play.pokemonshowdown.com/js/replay-embed.js?version'+daily+'"></'+'script>');
</script>
