<!DOCTYPE html>
<meta charset="utf-8" />
<!-- version 1 -->
<title>[Gen 7] Random Battle replay: lizard1207 vs. LavoratoryQuiz</title>
<style>
html,body {font-family:Verdana, sans-serif;font-size:10pt;margin:0;padding:0;}body{padding:12px 0;} .battle-log {font-family:Verdana, sans-serif;font-size:10pt;} .battle-log-inline {border:1px solid #AAAAAA;background:#EEF2F5;color:black;max-width:640px;margin:0 auto 80px;padding-bottom:5px;} .battle-log .inner {padding:4px 8px 0px 8px;} .battle-log .inner-preempt {padding:0 8px 4px 8px;} .battle-log .inner-after {margin-top:0.5em;} .battle-log h2 {margin:0.5em -8px;padding:4px 8px;border:1px solid #AAAAAA;background:#E0E7EA;border-left:0;border-right:0;font-family:Verdana, sans-serif;font-size:13pt;} .battle-log .chat {vertical-align:middle;padding:3px 0 3px 0;font-size:8pt;} .battle-log .chat strong {color:#40576A;} .battle-log .chat em {padding:1px 4px 1px 3px;color:#000000;font-style:normal;} .chat.mine {background:rgba(0,0,0,0.05);margin-left:-8px;margin-right:-8px;padding-left:8px;padding-right:8px;} .spoiler {color:#BBBBBB;background:#BBBBBB;padding:0px 3px;} .spoiler:hover, .spoiler:active, .spoiler-shown {color:#000000;background:#E2E2E2;padding:0px 3px;} .spoiler a {color:#BBBBBB;} .spoiler:hover a, .spoiler:active a, .spoiler-shown a {color:#2288CC;} .chat code, .chat .spoiler:hover code, .chat .spoiler:active code, .chat .spoiler-shown code {border:1px solid #C0C0C0;background:#EEEEEE;color:black;padding:0 2px;} .chat .spoiler code {border:1px solid #CCCCCC;background:#CCCCCC;color:#CCCCCC;} .battle-log .rated {padding:3px 4px;} .battle-log .rated strong {color:white;background:#89A;padding:1px 4px;border-radius:4px;} .spacer {margin-top:0.5em;} .message-announce {background:#6688AA;color:white;padding:1px 4px 2px;} .message-announce a, .broadcast-green a, .broadcast-blue a, .broadcast-red a {color:#DDEEFF;} .broadcast-green {background-color:#559955;color:white;padding:2px 4px;} .broadcast-blue {background-color:#6688AA;color:white;padding:2px 4px;} .infobox {border:1px solid #6688AA;padding:2px 4px;} .infobox-limited {max-height:200px;overflow:auto;overflow-x:hidden;} .broadcast-red {background-color:#AA5544;color:white;padding:2px 4px;} .message-learn-canlearn {font-weight:bold;color:#228822;text-decoration:underline;} .message-learn-cannotlearn {font-weight:bold;color:#CC2222;text-decoration:underline;} .message-effect-weak {font-weight:bold;color:#CC2222;} .message-effect-resist {font-weight:bold;color:#6688AA;} .message-effect-immune {font-weight:bold;color:#666666;} .message-learn-list {margin-top:0;margin-bottom:0;} .message-throttle-notice, .message-error {color:#992222;} .message-overflow, .chat small.message-overflow {font-size:0pt;} .message-overflow::before {font-size:9pt;content:'...';} .subtle {color:#3A4A66;}
</style>
<div class="wrapper replay-wrapper" style="max-width:1180px;margin:0 auto">
<input type="hidden" name="replayid" value="gen7randombattle-566877870" />
<div class="battle"></div><div class="battle-log"></div><div class="replay-controls"></div><div class="replay-controls-2"></div>
<h1 style="font-weight:normal;text-align:center"><strong>[Gen 7] Random Battle</strong><br /><a href="http://pokemonshowdown.com/users/lizard1207" class="subtle" target="_blank">lizard1207</a> vs. <a href="http://pokemonshowdown.com/users/lavoratoryquiz" class="subtle" target="_blank">LavoratoryQuiz</a></h1>
<script type="text/plain" class="battle-log-data">|j|lizard1207
|j|LavoratoryQuiz
|player|p1|lizard1207|1
|player|p2|LavoratoryQuiz|282
|gametype|singles
|gen|7
|tier|[Gen 7] Random Battle
|rated
|seed|32909,13617,22373,53215,1470,52367,64860,54482,2000,47141,4753,41411
|rule|Sleep Clause Mod: Limit one foe put to sleep
|rule|HP Percentage Mod: HP is shown in percentages
|
|start
|switch|p1a: Gothitelle|Gothitelle, L76, F|100\/100
|switch|p2a: Haxorus|Haxorus, L77, M|100\/100
|-ability|p2a: Haxorus|Mold Breaker
|turn|1
|choice|switch 4|move dragondance
|
|switch|p1a: Florges|Florges, L79, F|100\/100
|move|p2a: Haxorus|Dragon Dance|p2a: Haxorus
|-boost|p2a: Haxorus|atk|1
|-boost|p2a: Haxorus|spe|1
|
|upkeep
|turn|2
|choice|move moonblast|move poisonjab
|
|move|p2a: Haxorus|Poison Jab|p1a: Florges
|-supereffective|p1a: Florges
|-damage|p1a: Florges|0 fnt
|faint|p1a: Florges
|
|upkeep
|inactive|Battle timer is ON: inactive players will automatically lose when time's up. (requested by LavoratoryQuiz)
|choice|switch 2|
|
|switch|p1a: Ninetales|Ninetales, L79, F|100\/100
|-weather|SunnyDay|[from] ability: Drought|[of] p1a: Ninetales
|turn|3
|choice|move willowisp|move outrage
|
|move|p2a: Haxorus|Outrage|p1a: Ninetales
|-damage|p1a: Ninetales|0 fnt
|faint|p1a: Ninetales
|
|-weather|SunnyDay|[upkeep]
|upkeep
|choice|switch 3|
|
|switch|p1a: Jolteon|Jolteon, L79, M|100\/100
|turn|4
|choice|move hiddenpower|move outrage
|
|move|p2a: Haxorus|Outrage|p1a: Jolteon|[from]lockedmove
|-damage|p1a: Jolteon|0 fnt
|-start|p2a: Haxorus|confusion|[fatigue]
|faint|p1a: Jolteon
|-enditem|p2a: Haxorus|Lum Berry|[eat]
|-end|p2a: Haxorus|confusion
|
|-weather|SunnyDay|[upkeep]
|upkeep
|choice|switch 5|
|
|switch|p1a: Ariados|Ariados, L79, F|100\/100
|turn|5
|choice|move suckerpunch|move outrage
|
|move|p1a: Ariados|Sucker Punch|p2a: Haxorus
|-damage|p2a: Haxorus|82\/100
|move|p2a: Haxorus|Outrage|p1a: Ariados
|-damage|p1a: Ariados|0 fnt
|faint|p1a: Ariados
|
|-weather|SunnyDay|[upkeep]
|upkeep
|choice|switch 6|
|
|switch|p1a: Golduck|Golduck, L79, F|100\/100
|-ability|p1a: Golduck|Cloud Nine
|turn|6
|choice|move icebeam|move outrage
|
|move|p2a: Haxorus|Outrage|p1a: Golduck|[from]lockedmove
|-damage|p1a: Golduck|2\/100
|move|p1a: Golduck|Ice Beam|p2a: Haxorus
|-supereffective|p2a: Haxorus
|-damage|p2a: Haxorus|9\/100
|-damage|p1a: Golduck|0 fnt|[from] item: Life Orb
|faint|p1a: Golduck
|
|-weather|SunnyDay|[upkeep]
|upkeep
|choice|switch 4|
|
|switch|p1a: Gothitelle|Gothitelle, L76, F|100\/100
|turn|7
|choice|move substitute|move outrage
|
|move|p2a: Haxorus|Outrage|p1a: Gothitelle|[from]lockedmove
|-damage|p1a: Gothitelle|0 fnt
|-start|p2a: Haxorus|confusion|[fatigue]
|faint|p1a: Gothitelle
|
|win|LavoratoryQuiz
|raw|lizard1207's rating: 1175 &rarr; <strong>1156<\/strong><br \/>(-19 for losing)
|raw|LavoratoryQuiz's rating: 1254 &rarr; <strong>1274<\/strong><br \/>(+20 for winning)
|l|lizard1207
|c|☆LavoratoryQuiz|gg</script>
</div>
<div class="battle-log battle-log-inline"><div class="inner"><div class="chat"><small>lizard1207 joined.</small></div><div class="chat"><small>LavoratoryQuiz joined.</small></div><div style="padding:5px 0"><small>Format:</small> <br><strong>[Gen 7] Random Battle</strong></div><div class="rated"><strong>Rated battle</strong></div><div><small><em>Sleep Clause Mod:</em> Limit one foe put to sleep</small></div><div><small><em>HP Percentage Mod:</em> HP is shown in percentages</small></div><div>Battle between lizard1207 and LavoratoryQuiz started!</div><div class="spacer"></div><div>Go! Gothitelle!</div><div class="spacer"></div><div>LavoratoryQuiz sent out Haxorus!</div><div><small>[Opposing <span class="battle-nickname-foe" title="Haxorus">Haxorus</span>'s Mold Breaker!]</small></div><div><small>The opposing <span class="battle-nickname-foe" title="Haxorus">Haxorus</span> breaks the mold!</small></div><h2>Turn 1</h2><div class="spacer"></div><div><span class="battle-nickname" title="Gothitelle">Gothitelle</span>, come back!</div><div class="spacer"></div><div>Go! Florges!</div><div class="spacer"></div><div>The opposing <span class="battle-nickname-foe" title="Haxorus">Haxorus</span> used <strong>Dragon Dance</strong>!</div><div><small>The opposing <span class="battle-nickname-foe" title="Haxorus">Haxorus</span>'s Attack rose! The opposing <span class="battle-nickname-foe" title="Haxorus">Haxorus</span>'s Speed rose! </small></div><h2>Turn 2</h2><div class="spacer"></div><div>The opposing <span class="battle-nickname-foe" title="Haxorus">Haxorus</span> used <strong>Poison Jab</strong>!</div><div><small>It's super effective! </small><small><span class="battle-nickname" title="Florges">Florges</span> lost 100% of its health!</small><br></div><div class="spacer"></div><div><span class="battle-nickname" title="Florges">Florges</span> fainted!</div><div class="chat message-error">Battle timer is ON: inactive players will automatically lose when time's up. (requested by LavoratoryQuiz)</div><div class="spacer"></div><div>Go! Ninetales!</div><div><small>[<span class="battle-nickname" title="Ninetales">Ninetales</span>'s Drought!]</small></div><div><small>The sunlight turned harsh!</small></div><h2>Turn 3</h2><div class="spacer"></div><div>The opposing <span class="battle-nickname-foe" title="Haxorus">Haxorus</span> used <strong>Outrage</strong>!</div><div><small><span class="battle-nickname" title="Ninetales">Ninetales</span> lost 100% of its health!</small><br></div><div class="spacer"></div><div><span class="battle-nickname" title="Ninetales">Ninetales</span> fainted!</div><div class="spacer"></div><div>Go! Jolteon!</div><h2>Turn 4</h2><div class="spacer"></div><div>The opposing <span class="battle-nickname-foe" title="Haxorus">Haxorus</span> used <strong>Outrage</strong>!</div><div><small><span class="battle-nickname" title="Jolteon">Jolteon</span> lost 100% of its health!</small><br></div><div><small>The opposing <span class="battle-nickname-foe" title="Haxorus">Haxorus</span> became confused due to fatigue!</small></div><div class="spacer"></div><div><span class="battle-nickname" title="Jolteon">Jolteon</span> fainted!</div><div><small>The opposing <span class="battle-nickname-foe" title="Haxorus">Haxorus</span> ate its Lum Berry!</small></div><div><small>The opposing <span class="battle-nickname-foe" title="Haxorus">Haxorus</span> snapped out of confusion!</small></div><div class="spacer"></div><div>Go! Ariados!</div><h2>Turn 5</h2><div class="spacer"></div><div><span class="battle-nickname" title="Ariados">Ariados</span> used <strong>Sucker Punch</strong>!</div><div><small>The opposing <span class="battle-nickname-foe" title="Haxorus">Haxorus</span> lost 18% of its health!</small><br></div><div class="spacer"></div><div>The opposing <span class="battle-nickname-foe" title="Haxorus">Haxorus</span> used <strong>Outrage</strong>!</div><div><small><span class="battle-nickname" title="Ariados">Ariados</span> lost 100% of its health!</small><br></div><div class="spacer"></div><div><span class="battle-nickname" title="Ariados">Ariados</span> fainted!</div><div class="spacer"></div><div>Go! Golduck!</div><div><small>[<span class="battle-nickname" title="Golduck">Golduck</span>'s Cloud Nine!]</small></div><div><small>The effects of the weather disappeared.</small></div><h2>Turn 6</h2><div class="spacer"></div><div>The opposing <span class="battle-nickname-foe" title="Haxorus">Haxorus</span> used <strong>Outrage</strong>!</div><div><small><span class="battle-nickname" title="Golduck">Golduck</span> lost 98% of its health!</small><br></div><div class="spacer"></div><div><span class="battle-nickname" title="Golduck">Golduck</span> used <strong>Ice Beam</strong>!</div><div><small>It's super effective! </small><small>The opposing <span class="battle-nickname-foe" title="Haxorus">Haxorus</span> lost 73% of its health!</small><br></div><div><small><span class="battle-nickname" title="Golduck">Golduck</span> lost some of its HP!</small></div><div class="spacer"></div><div><span class="battle-nickname" title="Golduck">Golduck</span> fainted!</div><div class="spacer"></div><div>Go! Gothitelle!</div><h2>Turn 7</h2><div class="spacer"></div><div>The opposing <span class="battle-nickname-foe" title="Haxorus">Haxorus</span> used <strong>Outrage</strong>!</div><div><small><span class="battle-nickname" title="Gothitelle">Gothitelle</span> lost 100% of its health!</small><br></div><div><small>The opposing <span class="battle-nickname-foe" title="Haxorus">Haxorus</span> became confused due to fatigue!</small></div><div class="spacer"></div><div><span class="battle-nickname" title="Gothitelle">Gothitelle</span> fainted!</div><div class="spacer"></div><div>LavoratoryQuiz won the battle!</div><div class="chat">lizard1207's rating: 1175 → <strong>1156</strong><br>(-19 for losing)</div><div class="chat">LavoratoryQuiz's rating: 1254 → <strong>1274</strong><br>(+20 for winning)</div><div class="chat"><small>lizard1207 left.</small></div><div class="chat chatmessage-lavoratoryquiz"><strong style="color:hsl(264,33.244246399999994%,51.244246399999994%);"><small>☆</small><span class="username" data-name="LavoratoryQuiz">LavoratoryQuiz</span>:</strong> <em>gg</em></div></div></div>
</div>
<script>
var daily = Math.floor(Date.now()/1000/60/60/24);document.write('<script src="https://play.pokemonshowdown.com/js/replay-embed.js?version'+daily+'"></'+'script>');
</script>
