<!DOCTYPE html>
<meta charset="utf-8" />
<!-- version 1 -->
<title>[Gen 7] Random Battle replay: Suicuninator vs. teammafia001</title>
<style>
html,body {font-family:Verdana, sans-serif;font-size:10pt;margin:0;padding:0;}body{padding:12px 0;} .battle-log {font-family:Verdana, sans-serif;font-size:10pt;} .battle-log-inline {border:1px solid #AAAAAA;background:#EEF2F5;color:black;max-width:640px;margin:0 auto 80px;padding-bottom:5px;} .battle-log .inner {padding:4px 8px 0px 8px;} .battle-log .inner-preempt {padding:0 8px 4px 8px;} .battle-log .inner-after {margin-top:0.5em;} .battle-log h2 {margin:0.5em -8px;padding:4px 8px;border:1px solid #AAAAAA;background:#E0E7EA;border-left:0;border-right:0;font-family:Verdana, sans-serif;font-size:13pt;} .battle-log .chat {vertical-align:middle;padding:3px 0 3px 0;font-size:8pt;} .battle-log .chat strong {color:#40576A;} .battle-log .chat em {padding:1px 4px 1px 3px;color:#000000;font-style:normal;} .chat.mine {background:rgba(0,0,0,0.05);margin-left:-8px;margin-right:-8px;padding-left:8px;padding-right:8px;} .spoiler {color:#BBBBBB;background:#BBBBBB;padding:0px 3px;} .spoiler:hover, .spoiler:active, .spoiler-shown {color:#000000;background:#E2E2E2;padding:0px 3px;} .spoiler a {color:#BBBBBB;} .spoiler:hover a, .spoiler:active a, .spoiler-shown a {color:#2288CC;} .chat code, .chat .spoiler:hover code, .chat .spoiler:active code, .chat .spoiler-shown code {border:1px solid #C0C0C0;background:#EEEEEE;color:black;padding:0 2px;} .chat .spoiler code {border:1px solid #CCCCCC;background:#CCCCCC;color:#CCCCCC;} .battle-log .rated {padding:3px 4px;} .battle-log .rated strong {color:white;background:#89A;padding:1px 4px;border-radius:4px;} .spacer {margin-top:0.5em;} .message-announce {background:#6688AA;color:white;padding:1px 4px 2px;} .message-announce a, .broadcast-green a, .broadcast-blue a, .broadcast-red a {color:#DDEEFF;} .broadcast-green {background-color:#559955;color:white;padding:2px 4px;} .broadcast-blue {background-color:#6688AA;color:white;padding:2px 4px;} .infobox {border:1px solid #6688AA;padding:2px 4px;} .infobox-limited {max-height:200px;overflow:auto;overflow-x:hidden;} .broadcast-red {background-color:#AA5544;color:white;padding:2px 4px;} .message-learn-canlearn {font-weight:bold;color:#228822;text-decoration:underline;} .message-learn-cannotlearn {font-weight:bold;color:#CC2222;text-decoration:underline;} .message-effect-weak {font-weight:bold;color:#CC2222;} .message-effect-resist {font-weight:bold;color:#6688AA;} .message-effect-immune {font-weight:bold;color:#666666;} .message-learn-list {margin-top:0;margin-bottom:0;} .message-throttle-notice, .message-error {color:#992222;} .message-overflow, .chat small.message-overflow {font-size:0pt;} .message-overflow::before {font-size:9pt;content:'...';} .subtle {color:#3A4A66;}
</style>
<div class="wrapper replay-wrapper" style="max-width:1180px;margin:0 auto">
<input type="hidden" name="replayid" value="gen7randombattle-566577012" />
<div class="battle"></div><div class="battle-log"></div><div class="replay-controls"></div><div class="replay-controls-2"></div>
<h1 style="font-weight:normal;text-align:center"><strong>[Gen 7] Random Battle</strong><br /><a href="http://pokemonshowdown.com/users/suicuninator" class="subtle" target="_blank">Suicuninator</a> vs. <a href="http://pokemonshowdown.com/users/teammafia001" class="subtle" target="_blank">teammafia001</a></h1>
<script type="text/plain" class="battle-log-data">|j|Suicuninator
|j|teammafia001
|player|p1|Suicuninator|12
|player|p2|teammafia001|105
|gametype|singles
|gen|7
|tier|[Gen 7] Random Battle
|rated
|seed|5418,14062,49771,7308,17733,20513,14095,38267,25123,52386,61956,9035
|rule|Sleep Clause Mod: Limit one foe put to sleep
|rule|HP Percentage Mod: HP is shown in percentages
|
|start
|switch|p1a: Celebi|Celebi, L77|100\/100
|switch|p2a: Xurkitree|Xurkitree, L75|100\/100
|turn|1
|choice|switch 2|move hiddenpower
|
|switch|p1a: Gastrodon|Gastrodon, L79, F|100\/100
|move|p2a: Xurkitree|Hidden Power|p1a: Gastrodon
|-damage|p1a: Gastrodon|80\/100
|
|-heal|p1a: Gastrodon|86\/100|[from] item: Leftovers
|upkeep
|turn|2
|choice|move scald|switch 4
|
|switch|p2a: Celesteela|Celesteela, L75|100\/100
|move|p1a: Gastrodon|Scald|p2a: Celesteela
|-damage|p2a: Celesteela|74\/100
|
|-heal|p1a: Gastrodon|92\/100|[from] item: Leftovers
|upkeep
|turn|3
|choice|switch 2|move energyball
|
|switch|p1a: Celebi|Celebi, L77|100\/100
|move|p2a: Celesteela|Energy Ball|p1a: Celebi
|-resisted|p1a: Celebi
|-damage|p1a: Celebi|91\/100
|
|-heal|p1a: Celebi|97\/100|[from] item: Leftovers
|upkeep
|turn|4
|choice|move hiddenpower|move airslash
|
|move|p1a: Celebi|Hidden Power|p2a: Celesteela
|-supereffective|p2a: Celesteela
|-damage|p2a: Celesteela|45\/100
|-enditem|p2a: Celesteela|Weakness Policy
|-boost|p2a: Celesteela|atk|2
|-boost|p2a: Celesteela|spa|2
|move|p2a: Celesteela|Air Slash|p1a: Celebi
|-supereffective|p1a: Celebi
|-damage|p1a: Celebi|0 fnt
|faint|p1a: Celebi
|-ability|p2a: Celesteela|Beast Boost|boost
|-boost|p2a: Celesteela|spa|1
|
|upkeep
|choice|switch 6|
|
|switch|p1a: Regirock|Regirock, L79|100\/100
|turn|5
|choice|move stoneedge|move flashcannon
|
|move|p2a: Celesteela|Flash Cannon|p1a: Regirock
|-supereffective|p1a: Regirock
|-ability|p1a: Regirock|Sturdy
|-damage|p1a: Regirock|1\/100
|-unboost|p1a: Regirock|spd|1
|move|p1a: Regirock|Stone Edge|p2a: Celesteela
|-damage|p2a: Celesteela|11\/100
|
|upkeep
|turn|6
|choice|move rest|move flashcannon
|
|move|p2a: Celesteela|Flash Cannon|p1a: Regirock
|-supereffective|p1a: Regirock
|-damage|p1a: Regirock|0 fnt
|faint|p1a: Regirock
|-ability|p2a: Celesteela|Beast Boost|boost
|-boost|p2a: Celesteela|spa|1
|
|upkeep
|choice|switch 4|
|
|switch|p1a: Slurpuff|Slurpuff, L79, F|100\/100
|turn|7
|choice|move substitute|move flashcannon
|
|move|p1a: Slurpuff|Substitute|p1a: Slurpuff
|-start|p1a: Slurpuff|Substitute
|-damage|p1a: Slurpuff|75\/100
|move|p2a: Celesteela|Flash Cannon|p1a: Slurpuff
|-supereffective|p1a: Slurpuff
|-end|p1a: Slurpuff|Substitute
|
|upkeep
|turn|8
|choice|move substitute|move flashcannon
|
|move|p1a: Slurpuff|Substitute|p1a: Slurpuff
|-start|p1a: Slurpuff|Substitute
|-damage|p1a: Slurpuff|50\/100
|-enditem|p1a: Slurpuff|Sitrus Berry|[eat]
|-heal|p1a: Slurpuff|75\/100|[from] item: Sitrus Berry
|move|p2a: Celesteela|Flash Cannon|p1a: Slurpuff
|-supereffective|p1a: Slurpuff
|-end|p1a: Slurpuff|Substitute
|
|upkeep
|turn|9
|choice|move playrough|move flashcannon
|
|move|p1a: Slurpuff|Play Rough|p2a: Celesteela
|-resisted|p2a: Celesteela
|-damage|p2a: Celesteela|0 fnt
|faint|p2a: Celesteela
|
|upkeep
|choice||switch 4
|
|switch|p2a: Xurkitree|Xurkitree, L75|100\/100
|turn|10
|choice|move return|move energyball
|
|move|p1a: Slurpuff|Return|p2a: Xurkitree
|-damage|p2a: Xurkitree|71\/100
|move|p2a: Xurkitree|Energy Ball|p1a: Slurpuff
|-damage|p1a: Slurpuff|37\/100
|
|upkeep
|turn|11
|choice|switch 3|move energyball
|
|switch|p1a: Garbodor|Garbodor, L79, M|100\/100
|move|p2a: Xurkitree|Energy Ball|p1a: Garbodor
|-resisted|p1a: Garbodor
|-damage|p1a: Garbodor|81\/100
|
|-heal|p1a: Garbodor|87\/100|[from] item: Black Sludge
|upkeep
|turn|12
|choice|move gunkshot|switch 6
|
|switch|p2a: Magnezone|Magnezone, L75|100\/100
|move|p1a: Garbodor|Gunk Shot|p2a: Magnezone
|-immune|p2a: Magnezone|[msg]
|
|-heal|p1a: Garbodor|93\/100|[from] item: Black Sludge
|upkeep
|turn|13
|choice|move drainpunch|move thunderbolt
|
|move|p1a: Garbodor|Drain Punch|p2a: Magnezone
|-supereffective|p2a: Magnezone
|-damage|p2a: Magnezone|66\/100
|-heal|p1a: Garbodor|100\/100|[from] drain|[of] p2a: Magnezone
|move|p2a: Magnezone|Thunderbolt|p1a: Garbodor
|-damage|p1a: Garbodor|31\/100
|-status|p1a: Garbodor|par
|
|-heal|p1a: Garbodor|37\/100 par|[from] item: Black Sludge
|upkeep
|turn|14
|choice|switch 2|move thunderbolt
|
|switch|p1a: Gastrodon|Gastrodon, L79, F|92\/100
|move|p2a: Magnezone|Thunderbolt|p1a: Gastrodon
|-immune|p1a: Gastrodon|[msg]
|
|-heal|p1a: Gastrodon|99\/100|[from] item: Leftovers
|upkeep
|turn|15
|choice|move scald|switch 3
|
|switch|p2a: Staraptor|Staraptor, L76, M|100\/100
|-ability|p2a: Staraptor|Intimidate|boost
|-unboost|p1a: Gastrodon|atk|1
|move|p1a: Gastrodon|Scald|p2a: Staraptor
|-damage|p2a: Staraptor|57\/100
|-status|p2a: Staraptor|brn
|
|-heal|p1a: Gastrodon|100\/100|[from] item: Leftovers
|-damage|p2a: Staraptor|51\/100 brn|[from] brn
|upkeep
|turn|16
|choice|move icebeam|move doubleedge
|
|move|p2a: Staraptor|Double-Edge|p1a: Gastrodon
|-damage|p1a: Gastrodon|69\/100
|-damage|p2a: Staraptor|38\/100 brn|[from] recoil|[of] p1a: Gastrodon
|-damage|p2a: Staraptor|28\/100 brn|[from] item: Life Orb
|move|p1a: Gastrodon|Ice Beam|p2a: Staraptor
|-supereffective|p2a: Staraptor
|-damage|p2a: Staraptor|0 fnt
|faint|p2a: Staraptor
|
|-heal|p1a: Gastrodon|75\/100|[from] item: Leftovers
|upkeep
|choice||switch 6
|
|switch|p2a: Xurkitree|Xurkitree, L75|71\/100
|turn|17
|choice|switch 2|move energyball
|
|switch|p1a: Garbodor|Garbodor, L79, M|37\/100 par
|move|p2a: Xurkitree|Energy Ball|p1a: Garbodor
|-resisted|p1a: Garbodor
|-damage|p1a: Garbodor|20\/100 par
|
|-heal|p1a: Garbodor|27\/100 par|[from] item: Black Sludge
|upkeep
|turn|18
|choice|move painsplit|switch 3
|
|switch|p2a: Magnezone|Magnezone, L75|66\/100
|cant|p1a: Garbodor|par
|
|-heal|p1a: Garbodor|33\/100 par|[from] item: Black Sludge
|upkeep
|turn|19
|choice|switch 2|move flashcannon
|
|switch|p1a: Gastrodon|Gastrodon, L79, F|75\/100
|move|p2a: Magnezone|Flash Cannon|p1a: Gastrodon
|-resisted|p1a: Gastrodon
|-damage|p1a: Gastrodon|53\/100
|
|-heal|p1a: Gastrodon|59\/100|[from] item: Leftovers
|upkeep
|turn|20
|choice|move scald|move flashcannon
|
|move|p2a: Magnezone|Flash Cannon|p1a: Gastrodon
|-resisted|p1a: Gastrodon
|-damage|p1a: Gastrodon|35\/100
|move|p1a: Gastrodon|Scald|p2a: Magnezone
|-damage|p2a: Magnezone|30\/100
|-status|p2a: Magnezone|brn
|
|-heal|p1a: Gastrodon|41\/100|[from] item: Leftovers
|-damage|p2a: Magnezone|24\/100 brn|[from] brn
|upkeep
|turn|21
|choice|switch 5|switch 2
|
|switch|p2a: Dusknoir|Dusknoir, L79, M|100\/100
|-item|p1a: Gastrodon|Leftovers|[from] ability: Frisk|[of] p2a: Dusknoir|[identify]
|switch|p1a: Cofagrigus|Cofagrigus, L79, M|100\/100
|
|upkeep
|turn|22
|choice|move shadowball|move shadowsneak
|
|move|p2a: Dusknoir|Shadow Sneak|p1a: Cofagrigus
|-supereffective|p1a: Cofagrigus
|-damage|p1a: Cofagrigus|73\/100
|-activate|p1a: Cofagrigus|ability: Mummy|Frisk|[of] p2a: Dusknoir
|move|p1a: Cofagrigus|Shadow Ball|p2a: Dusknoir
|-supereffective|p2a: Dusknoir
|-damage|p2a: Dusknoir|41\/100
|-unboost|p2a: Dusknoir|spd|1
|
|-heal|p2a: Dusknoir|47\/100|[from] item: Leftovers
|-heal|p1a: Cofagrigus|79\/100|[from] item: Leftovers
|upkeep
|turn|23
|choice|move shadowball|move painsplit
|
|move|p2a: Dusknoir|Pain Split|p1a: Cofagrigus
|-sethp|p1a: Cofagrigus|61\/100|p2a: Dusknoir|67\/100|[from] move: Pain Split
|move|p1a: Cofagrigus|Shadow Ball|p2a: Dusknoir
|-supereffective|p2a: Dusknoir
|-damage|p2a: Dusknoir|0 fnt
|faint|p2a: Dusknoir
|
|-heal|p1a: Cofagrigus|67\/100|[from] item: Leftovers
|upkeep
|choice||switch 5
|
|switch|p2a: Froslass|Froslass, L79, F|100\/100
|turn|24
|choice|move shadowball|move shadowball
|
|move|p2a: Froslass|Shadow Ball|p1a: Cofagrigus
|-supereffective|p1a: Cofagrigus
|-damage|p1a: Cofagrigus|12\/100
|move|p1a: Cofagrigus|Shadow Ball|p2a: Froslass
|-supereffective|p2a: Froslass
|-damage|p2a: Froslass|15\/100
|-start|p1a: Cofagrigus|Disable|Shadow Ball|[from] ability: Cursed Body|[of] p2a: Froslass
|
|-heal|p2a: Froslass|21\/100|[from] item: Leftovers
|-heal|p1a: Cofagrigus|18\/100|[from] item: Leftovers
|upkeep
|turn|25
|choice|move haze|move shadowball
|
|move|p2a: Froslass|Shadow Ball|p1a: Cofagrigus
|-supereffective|p1a: Cofagrigus
|-damage|p1a: Cofagrigus|0 fnt
|faint|p1a: Cofagrigus
|
|-heal|p2a: Froslass|27\/100|[from] item: Leftovers
|upkeep
|choice|switch 3|
|
|switch|p1a: Slurpuff|Slurpuff, L79, F|37\/100
|turn|26
|choice|move playrough|move destinybond
|
|move|p2a: Froslass|Destiny Bond|p2a: Froslass
|-singlemove|p2a: Froslass|Destiny Bond
|move|p1a: Slurpuff|Play Rough|p2a: Froslass
|-damage|p2a: Froslass|0 fnt
|faint|p2a: Froslass
|-activate|p2a: Froslass|move: Destiny Bond
|faint|p1a: Slurpuff
|
|upkeep
|choice|switch 2|switch 3
|
|switch|p2a: Xurkitree|Xurkitree, L75|71\/100
|switch|p1a: Garbodor|Garbodor, L79, M|33\/100 par
|turn|27
|choice|move painsplit|move thunderbolt
|
|move|p2a: Xurkitree|Thunderbolt|p1a: Garbodor
|-damage|p1a: Garbodor|0 fnt
|faint|p1a: Garbodor
|-ability|p2a: Xurkitree|Beast Boost|boost
|-boost|p2a: Xurkitree|spa|1
|
|upkeep
|choice|switch 5|
|
|switch|p1a: Gastrodon|Gastrodon, L79, F|41\/100
|turn|28
|choice|move scald|switch 2
|
|switch|p2a: Magnezone|Magnezone, L75|24\/100 brn
|move|p1a: Gastrodon|Scald|p2a: Magnezone
|-damage|p2a: Magnezone|0 fnt
|faint|p2a: Magnezone
|
|-heal|p1a: Gastrodon|47\/100|[from] item: Leftovers
|upkeep
|choice||switch 2
|
|switch|p2a: Xurkitree|Xurkitree, L75|71\/100
|turn|29
|choice|move scald|move energyball
|
|move|p2a: Xurkitree|Energy Ball|p1a: Gastrodon
|-supereffective|p1a: Gastrodon
|-damage|p1a: Gastrodon|0 fnt
|faint|p1a: Gastrodon
|
|win|teammafia001
|l|Suicuninator
|raw|Suicuninator's rating: 1126 &rarr; <strong>1103<\/strong><br \/>(-23 for losing)
|raw|teammafia001's rating: 1153 &rarr; <strong>1176<\/strong><br \/>(+23 for winning)</script>
</div>
<div class="battle-log battle-log-inline"><div class="inner"><div class="chat"><small>Suicuninator joined.</small></div><div class="chat"><small>teammafia001 joined.</small></div><div style="padding:5px 0"><small>Format:</small> <br><strong>[Gen 7] Random Battle</strong></div><div class="rated"><strong>Rated battle</strong></div><div><small><em>Sleep Clause Mod:</em> Limit one foe put to sleep</small></div><div><small><em>HP Percentage Mod:</em> HP is shown in percentages</small></div><div>Battle between Suicuninator and teammafia001 started!</div><div class="spacer"></div><div>Go! Celebi!</div><div class="spacer"></div><div>teammafia001 sent out Xurkitree!</div><h2>Turn 1</h2><div class="spacer"></div><div><span class="battle-nickname" title="Celebi">Celebi</span>, come back!</div><div class="spacer"></div><div>Go! Gastrodon!</div><div class="spacer"></div><div>The opposing <span class="battle-nickname-foe" title="Xurkitree">Xurkitree</span> used <strong>Hidden Power</strong>!</div><div><small><span class="battle-nickname" title="Gastrodon">Gastrodon</span> lost 20% of its health!</small><br></div><div class="spacer"></div><div><small><span class="battle-nickname" title="Gastrodon">Gastrodon</span> restored a little HP using its Leftovers!</small></div><h2>Turn 2</h2><div class="spacer"></div><div>teammafia001 withdrew Xurkitree!</div><div class="spacer"></div><div>teammafia001 sent out Celesteela!</div><div class="spacer"></div><div><span class="battle-nickname" title="Gastrodon">Gastrodon</span> used <strong>Scald</strong>!</div><div><small>The opposing <span class="battle-nickname-foe" title="Celesteela">Celesteela</span> lost 26% of its health!</small><br></div><div class="spacer"></div><div><small><span class="battle-nickname" title="Gastrodon">Gastrodon</span> restored a little HP using its Leftovers!</small></div><h2>Turn 3</h2><div class="spacer"></div><div><span class="battle-nickname" title="Gastrodon">Gastrodon</span>, come back!</div><div class="spacer"></div><div>Go! Celebi!</div><div class="spacer"></div><div>The opposing <span class="battle-nickname-foe" title="Celesteela">Celesteela</span> used <strong>Energy Ball</strong>!</div><div><small>It's not very effective... </small><small><span class="battle-nickname" title="Celebi">Celebi</span> lost 9% of its health!</small><br></div><div class="spacer"></div><div><small><span class="battle-nickname" title="Celebi">Celebi</span> restored a little HP using its Leftovers!</small></div><h2>Turn 4</h2><div class="spacer"></div><div><span class="battle-nickname" title="Celebi">Celebi</span> used <strong>Hidden Power</strong>!</div><div><small>It's super effective! </small><small>The opposing <span class="battle-nickname-foe" title="Celesteela">Celesteela</span> lost 29% of its health!</small><br></div><div><small>The opposing <span class="battle-nickname-foe" title="Celesteela">Celesteela</span>'s Weakness Policy activated!</small></div><div><small>The opposing <span class="battle-nickname-foe" title="Celesteela">Celesteela</span>'s Attack rose sharply! The opposing <span class="battle-nickname-foe" title="Celesteela">Celesteela</span>'s Special Attack rose sharply! </small></div><div class="spacer"></div><div>The opposing <span class="battle-nickname-foe" title="Celesteela">Celesteela</span> used <strong>Air Slash</strong>!</div><div><small>It's super effective! </small><small><span class="battle-nickname" title="Celebi">Celebi</span> lost 97% of its health!</small><br></div><div class="spacer"></div><div><span class="battle-nickname" title="Celebi">Celebi</span> fainted!</div><div><small>[Opposing <span class="battle-nickname-foe" title="Celesteela">Celesteela</span>'s Beast Boost!]</small></div><div><small>The opposing <span class="battle-nickname-foe" title="Celesteela">Celesteela</span>'s Special Attack rose! </small></div><div class="spacer"></div><div>Go! Regirock!</div><h2>Turn 5</h2><div class="spacer"></div><div>The opposing <span class="battle-nickname-foe" title="Celesteela">Celesteela</span> used <strong>Flash Cannon</strong>!</div><div><small>[<span class="battle-nickname" title="Regirock">Regirock</span>'s Sturdy!]</small></div><div><small>It's super effective! <span class="battle-nickname" title="Regirock">Regirock</span> endured the hit!</small></div><div><small><span class="battle-nickname" title="Regirock">Regirock</span> lost 99% of its health!</small><br></div><div><small><span class="battle-nickname" title="Regirock">Regirock</span>'s Special Defense fell! </small></div><div class="spacer"></div><div><span class="battle-nickname" title="Regirock">Regirock</span> used <strong>Stone Edge</strong>!</div><div><small>The opposing <span class="battle-nickname-foe" title="Celesteela">Celesteela</span> lost 34% of its health!</small><br></div><h2>Turn 6</h2><div class="spacer"></div><div>The opposing <span class="battle-nickname-foe" title="Celesteela">Celesteela</span> used <strong>Flash Cannon</strong>!</div><div><small>It's super effective! </small><small><span class="battle-nickname" title="Regirock">Regirock</span> lost 1% of its health!</small><br></div><div class="spacer"></div><div><span class="battle-nickname" title="Regirock">Regirock</span> fainted!</div><div><small>[Opposing <span class="battle-nickname-foe" title="Celesteela">Celesteela</span>'s Beast Boost!]</small></div><div><small>The opposing <span class="battle-nickname-foe" title="Celesteela">Celesteela</span>'s Special Attack rose! </small></div><div class="spacer"></div><div>Go! Slurpuff!</div><h2>Turn 7</h2><div class="spacer"></div><div><span class="battle-nickname" title="Slurpuff">Slurpuff</span> used <strong>Substitute</strong>!</div><div><small><span class="battle-nickname" title="Slurpuff">Slurpuff</span> put in a substitute!</small></div><div><small><span class="battle-nickname" title="Slurpuff">Slurpuff</span> lost 25% of its health!</small><br></div><div class="spacer"></div><div>The opposing <span class="battle-nickname-foe" title="Celesteela">Celesteela</span> used <strong>Flash Cannon</strong>!</div><div><small>It's super effective! <span class="battle-nickname" title="Slurpuff">Slurpuff</span>'s substitute faded!</small></div><h2>Turn 8</h2><div class="spacer"></div><div><span class="battle-nickname" title="Slurpuff">Slurpuff</span> used <strong>Substitute</strong>!</div><div><small><span class="battle-nickname" title="Slurpuff">Slurpuff</span> put in a substitute!</small></div><div><small><span class="battle-nickname" title="Slurpuff">Slurpuff</span> lost 25% of its health!</small><br></div><div><small><span class="battle-nickname" title="Slurpuff">Slurpuff</span> ate its Sitrus Berry!</small></div><div><small><span class="battle-nickname" title="Slurpuff">Slurpuff</span> restored HP using its Sitrus Berry!</small></div><div class="spacer"></div><div>The opposing <span class="battle-nickname-foe" title="Celesteela">Celesteela</span> used <strong>Flash Cannon</strong>!</div><div><small>It's super effective! <span class="battle-nickname" title="Slurpuff">Slurpuff</span>'s substitute faded!</small></div><h2>Turn 9</h2><div class="spacer"></div><div><span class="battle-nickname" title="Slurpuff">Slurpuff</span> used <strong>Play Rough</strong>!</div><div><small>It's not very effective... </small><small>The opposing <span class="battle-nickname-foe" title="Celesteela">Celesteela</span> lost 11% of its health!</small><br></div><div class="spacer"></div><div>The opposing <span class="battle-nickname-foe" title="Celesteela">Celesteela</span> fainted!</div><div class="spacer"></div><div>teammafia001 sent out Xurkitree!</div><h2>Turn 10</h2><div class="spacer"></div><div><span class="battle-nickname" title="Slurpuff">Slurpuff</span> used <strong>Return</strong>!</div><div><small>The opposing <span class="battle-nickname-foe" title="Xurkitree">Xurkitree</span> lost 29% of its health!</small><br></div><div class="spacer"></div><div>The opposing <span class="battle-nickname-foe" title="Xurkitree">Xurkitree</span> used <strong>Energy Ball</strong>!</div><div><small><span class="battle-nickname" title="Slurpuff">Slurpuff</span> lost 38% of its health!</small><br></div><h2>Turn 11</h2><div class="spacer"></div><div><span class="battle-nickname" title="Slurpuff">Slurpuff</span>, come back!</div><div class="spacer"></div><div>Go! Garbodor!</div><div class="spacer"></div><div>The opposing <span class="battle-nickname-foe" title="Xurkitree">Xurkitree</span> used <strong>Energy Ball</strong>!</div><div><small>It's not very effective... </small><small><span class="battle-nickname" title="Garbodor">Garbodor</span> lost 19% of its health!</small><br></div><div class="spacer"></div><div><small><span class="battle-nickname" title="Garbodor">Garbodor</span> restored a little HP using its Black Sludge!</small></div><h2>Turn 12</h2><div class="spacer"></div><div>teammafia001 withdrew Xurkitree!</div><div class="spacer"></div><div>teammafia001 sent out Magnezone!</div><div class="spacer"></div><div><span class="battle-nickname" title="Garbodor">Garbodor</span> used <strong>Gunk Shot</strong>!</div><div><small>It doesn't affect the opposing <span class="battle-nickname-foe" title="Magnezone">Magnezone</span>... </small></div><div class="spacer"></div><div><small><span class="battle-nickname" title="Garbodor">Garbodor</span> restored a little HP using its Black Sludge!</small></div><h2>Turn 13</h2><div class="spacer"></div><div><span class="battle-nickname" title="Garbodor">Garbodor</span> used <strong>Drain Punch</strong>!</div><div><small>It's super effective! </small><small>The opposing <span class="battle-nickname-foe" title="Magnezone">Magnezone</span> lost 34% of its health!</small><br></div><div><small>The opposing <span class="battle-nickname-foe" title="Magnezone">Magnezone</span> had its energy drained!</small></div><div class="spacer"></div><div>The opposing <span class="battle-nickname-foe" title="Magnezone">Magnezone</span> used <strong>Thunderbolt</strong>!</div><div><small><span class="battle-nickname" title="Garbodor">Garbodor</span> lost 69% of its health!</small><br></div><div><small><span class="battle-nickname" title="Garbodor">Garbodor</span> is paralyzed! It may be unable to move!</small></div><div class="spacer"></div><div><small><span class="battle-nickname" title="Garbodor">Garbodor</span> restored a little HP using its Black Sludge!</small></div><h2>Turn 14</h2><div class="spacer"></div><div><span class="battle-nickname" title="Garbodor">Garbodor</span>, come back!</div><div class="spacer"></div><div>Go! Gastrodon!</div><div class="spacer"></div><div>The opposing <span class="battle-nickname-foe" title="Magnezone">Magnezone</span> used <strong>Thunderbolt</strong>!</div><div><small>It doesn't affect <span class="battle-nickname" title="Gastrodon">Gastrodon</span>... </small></div><div class="spacer"></div><div><small><span class="battle-nickname" title="Gastrodon">Gastrodon</span> restored a little HP using its Leftovers!</small></div><h2>Turn 15</h2><div class="spacer"></div><div>teammafia001 withdrew Magnezone!</div><div class="spacer"></div><div>teammafia001 sent out Staraptor!</div><div><small>[Opposing <span class="battle-nickname-foe" title="Staraptor">Staraptor</span>'s Intimidate!]</small></div><div><small><span class="battle-nickname" title="Gastrodon">Gastrodon</span>'s Attack fell! </small></div><div class="spacer"></div><div><span class="battle-nickname" title="Gastrodon">Gastrodon</span> used <strong>Scald</strong>!</div><div><small>The opposing <span class="battle-nickname-foe" title="Staraptor">Staraptor</span> lost 43% of its health!</small><br></div><div><small>The opposing <span class="battle-nickname-foe" title="Staraptor">Staraptor</span> was burned!</small></div><div class="spacer"></div><div><small><span class="battle-nickname" title="Gastrodon">Gastrodon</span> restored a little HP using its Leftovers!</small></div><div><small>The opposing <span class="battle-nickname-foe" title="Staraptor">Staraptor</span> was hurt by its burn!</small></div><h2>Turn 16</h2><div class="spacer"></div><div>The opposing <span class="battle-nickname-foe" title="Staraptor">Staraptor</span> used <strong>Double-Edge</strong>!</div><div><small><span class="battle-nickname" title="Gastrodon">Gastrodon</span> lost 31% of its health!</small><br></div><div><small>The opposing <span class="battle-nickname-foe" title="Staraptor">Staraptor</span> is damaged by the recoil!</small></div><div><small>The opposing <span class="battle-nickname-foe" title="Staraptor">Staraptor</span> lost some of its HP!</small></div><div class="spacer"></div><div><span class="battle-nickname" title="Gastrodon">Gastrodon</span> used <strong>Ice Beam</strong>!</div><div><small>It's super effective! </small><small>The opposing <span class="battle-nickname-foe" title="Staraptor">Staraptor</span> lost 28% of its health!</small><br></div><div class="spacer"></div><div>The opposing <span class="battle-nickname-foe" title="Staraptor">Staraptor</span> fainted!</div><div class="spacer"></div><div><small><span class="battle-nickname" title="Gastrodon">Gastrodon</span> restored a little HP using its Leftovers!</small></div><div class="spacer"></div><div>teammafia001 sent out Xurkitree!</div><h2>Turn 17</h2><div class="spacer"></div><div><span class="battle-nickname" title="Gastrodon">Gastrodon</span>, come back!</div><div class="spacer"></div><div>Go! Garbodor!</div><div class="spacer"></div><div>The opposing <span class="battle-nickname-foe" title="Xurkitree">Xurkitree</span> used <strong>Energy Ball</strong>!</div><div><small>It's not very effective... </small><small><span class="battle-nickname" title="Garbodor">Garbodor</span> lost 17% of its health!</small><br></div><div class="spacer"></div><div><small><span class="battle-nickname" title="Garbodor">Garbodor</span> restored a little HP using its Black Sludge!</small></div><h2>Turn 18</h2><div class="spacer"></div><div>teammafia001 withdrew Xurkitree!</div><div class="spacer"></div><div>teammafia001 sent out Magnezone!</div><div class="spacer"></div><div><span class="battle-nickname" title="Garbodor">Garbodor</span> is paralyzed! It can't move!</div><div class="spacer"></div><div><small><span class="battle-nickname" title="Garbodor">Garbodor</span> restored a little HP using its Black Sludge!</small></div><h2>Turn 19</h2><div class="spacer"></div><div><span class="battle-nickname" title="Garbodor">Garbodor</span>, come back!</div><div class="spacer"></div><div>Go! Gastrodon!</div><div class="spacer"></div><div>The opposing <span class="battle-nickname-foe" title="Magnezone">Magnezone</span> used <strong>Flash Cannon</strong>!</div><div><small>It's not very effective... </small><small><span class="battle-nickname" title="Gastrodon">Gastrodon</span> lost 22% of its health!</small><br></div><div class="spacer"></div><div><small><span class="battle-nickname" title="Gastrodon">Gastrodon</span> restored a little HP using its Leftovers!</small></div><h2>Turn 20</h2><div class="spacer"></div><div>The opposing <span class="battle-nickname-foe" title="Magnezone">Magnezone</span> used <strong>Flash Cannon</strong>!</div><div><small>It's not very effective... </small><small><span class="battle-nickname" title="Gastrodon">Gastrodon</span> lost 24% of its health!</small><br></div><div class="spacer"></div><div><span class="battle-nickname" title="Gastrodon">Gastrodon</span> used <strong>Scald</strong>!</div><div><small>The opposing <span class="battle-nickname-foe" title="Magnezone">Magnezone</span> lost 36% of its health!</small><br></div><div><small>The opposing <span class="battle-nickname-foe" title="Magnezone">Magnezone</span> was burned!</small></div><div class="spacer"></div><div><small><span class="battle-nickname" title="Gastrodon">Gastrodon</span> restored a little HP using its Leftovers!</small></div><div><small>The opposing <span class="battle-nickname-foe" title="Magnezone">Magnezone</span> was hurt by its burn!</small></div><h2>Turn 21</h2><div class="spacer"></div><div>teammafia001 withdrew Magnezone!</div><div class="spacer"></div><div>teammafia001 sent out Dusknoir!</div><div><small>[Opposing <span class="battle-nickname-foe" title="Dusknoir">Dusknoir</span>'s Frisk!]</small></div><div><small>The opposing <span class="battle-nickname-foe" title="Dusknoir">Dusknoir</span> frisked <span class="battle-nickname" title="Gastrodon">Gastrodon</span> and found its Leftovers!</small></div><div class="spacer"></div><div><span class="battle-nickname" title="Gastrodon">Gastrodon</span>, come back!</div><div class="spacer"></div><div>Go! Cofagrigus!</div><h2>Turn 22</h2><div class="spacer"></div><div>The opposing <span class="battle-nickname-foe" title="Dusknoir">Dusknoir</span> used <strong>Shadow Sneak</strong>!</div><div><small>It's super effective! </small><small><span class="battle-nickname" title="Cofagrigus">Cofagrigus</span> lost 27% of its health!</small><br></div><div><small>[<span class="battle-nickname" title="Cofagrigus">Cofagrigus</span>'s Mummy!]</small></div><div><small>[Opposing <span class="battle-nickname-foe" title="Dusknoir">Dusknoir</span>'s Frisk!]</small></div><div><small>[Opposing <span class="battle-nickname-foe" title="Dusknoir">Dusknoir</span>'s Mummy!]</small></div><div><small>The opposing <span class="battle-nickname-foe" title="Dusknoir">Dusknoir</span>'s Ability became Mummy!</small></div><div class="spacer"></div><div><span class="battle-nickname" title="Cofagrigus">Cofagrigus</span> used <strong>Shadow Ball</strong>!</div><div><small>It's super effective! </small><small>The opposing <span class="battle-nickname-foe" title="Dusknoir">Dusknoir</span> lost 59% of its health!</small><br></div><div><small>The opposing <span class="battle-nickname-foe" title="Dusknoir">Dusknoir</span>'s Special Defense fell! </small></div><div class="spacer"></div><div><small>The opposing <span class="battle-nickname-foe" title="Dusknoir">Dusknoir</span> restored a little HP using its Leftovers!</small></div><div><small><span class="battle-nickname" title="Cofagrigus">Cofagrigus</span> restored a little HP using its Leftovers!</small></div><h2>Turn 23</h2><div class="spacer"></div><div>The opposing <span class="battle-nickname-foe" title="Dusknoir">Dusknoir</span> used <strong>Pain Split</strong>!</div><div><small>The battlers shared their pain!</small></div><div class="spacer"></div><div><span class="battle-nickname" title="Cofagrigus">Cofagrigus</span> used <strong>Shadow Ball</strong>!</div><div><small>It's super effective! </small><small>The opposing <span class="battle-nickname-foe" title="Dusknoir">Dusknoir</span> lost 67% of its health!</small><br></div><div class="spacer"></div><div>The opposing <span class="battle-nickname-foe" title="Dusknoir">Dusknoir</span> fainted!</div><div class="spacer"></div><div><small><span class="battle-nickname" title="Cofagrigus">Cofagrigus</span> restored a little HP using its Leftovers!</small></div><div class="spacer"></div><div>teammafia001 sent out Froslass!</div><h2>Turn 24</h2><div class="spacer"></div><div>The opposing <span class="battle-nickname-foe" title="Froslass">Froslass</span> used <strong>Shadow Ball</strong>!</div><div><small>It's super effective! </small><small><span class="battle-nickname" title="Cofagrigus">Cofagrigus</span> lost 55% of its health!</small><br></div><div class="spacer"></div><div><span class="battle-nickname" title="Cofagrigus">Cofagrigus</span> used <strong>Shadow Ball</strong>!</div><div><small>It's super effective! </small><small>The opposing <span class="battle-nickname-foe" title="Froslass">Froslass</span> lost 85% of its health!</small><br></div><div><small>[Opposing <span class="battle-nickname-foe" title="Froslass">Froslass</span>'s Cursed Body!]</small></div><div><small><span class="battle-nickname" title="Cofagrigus">Cofagrigus</span>'s Shadow Ball was disabled!</small></div><div class="spacer"></div><div><small>The opposing <span class="battle-nickname-foe" title="Froslass">Froslass</span> restored a little HP using its Leftovers!</small></div><div><small><span class="battle-nickname" title="Cofagrigus">Cofagrigus</span> restored a little HP using its Leftovers!</small></div><h2>Turn 25</h2><div class="spacer"></div><div>The opposing <span class="battle-nickname-foe" title="Froslass">Froslass</span> used <strong>Shadow Ball</strong>!</div><div><small>It's super effective! </small><small><span class="battle-nickname" title="Cofagrigus">Cofagrigus</span> lost 18% of its health!</small><br></div><div class="spacer"></div><div><span class="battle-nickname" title="Cofagrigus">Cofagrigus</span> fainted!</div><div class="spacer"></div><div><small>The opposing <span class="battle-nickname-foe" title="Froslass">Froslass</span> restored a little HP using its Leftovers!</small></div><div class="spacer"></div><div>Go! Slurpuff!</div><h2>Turn 26</h2><div class="spacer"></div><div>The opposing <span class="battle-nickname-foe" title="Froslass">Froslass</span> used <strong>Destiny Bond</strong>!</div><div><small>The opposing <span class="battle-nickname-foe" title="Froslass">Froslass</span> is hoping to take its attacker down with it!</small></div><div class="spacer"></div><div><span class="battle-nickname" title="Slurpuff">Slurpuff</span> used <strong>Play Rough</strong>!</div><div><small>The opposing <span class="battle-nickname-foe" title="Froslass">Froslass</span> lost 27% of its health!</small><br></div><div class="spacer"></div><div>The opposing <span class="battle-nickname-foe" title="Froslass">Froslass</span> fainted!</div><div><small>The opposing <span class="battle-nickname-foe" title="Froslass">Froslass</span> took its attacker down with it!</small></div><div class="spacer"></div><div><span class="battle-nickname" title="Slurpuff">Slurpuff</span> fainted!</div><div class="spacer"></div><div>teammafia001 sent out Xurkitree!</div><div class="spacer"></div><div>Go! Garbodor!</div><h2>Turn 27</h2><div class="spacer"></div><div>The opposing <span class="battle-nickname-foe" title="Xurkitree">Xurkitree</span> used <strong>Thunderbolt</strong>!</div><div><small><span class="battle-nickname" title="Garbodor">Garbodor</span> lost 33% of its health!</small><br></div><div class="spacer"></div><div><span class="battle-nickname" title="Garbodor">Garbodor</span> fainted!</div><div><small>[Opposing <span class="battle-nickname-foe" title="Xurkitree">Xurkitree</span>'s Beast Boost!]</small></div><div><small>The opposing <span class="battle-nickname-foe" title="Xurkitree">Xurkitree</span>'s Special Attack rose! </small></div><div class="spacer"></div><div>Go! Gastrodon!</div><h2>Turn 28</h2><div class="spacer"></div><div>teammafia001 withdrew Xurkitree!</div><div class="spacer"></div><div>teammafia001 sent out Magnezone!</div><div class="spacer"></div><div><span class="battle-nickname" title="Gastrodon">Gastrodon</span> used <strong>Scald</strong>!</div><div><small>The opposing <span class="battle-nickname-foe" title="Magnezone">Magnezone</span> lost 24% of its health!</small><br></div><div class="spacer"></div><div>The opposing <span class="battle-nickname-foe" title="Magnezone">Magnezone</span> fainted!</div><div class="spacer"></div><div><small><span class="battle-nickname" title="Gastrodon">Gastrodon</span> restored a little HP using its Leftovers!</small></div><div class="spacer"></div><div>teammafia001 sent out Xurkitree!</div><h2>Turn 29</h2><div class="spacer"></div><div>The opposing <span class="battle-nickname-foe" title="Xurkitree">Xurkitree</span> used <strong>Energy Ball</strong>!</div><div><small>It's super effective! </small><small><span class="battle-nickname" title="Gastrodon">Gastrodon</span> lost 47% of its health!</small><br></div><div class="spacer"></div><div><span class="battle-nickname" title="Gastrodon">Gastrodon</span> fainted!</div><div class="spacer"></div><div>teammafia001 won the battle!</div><div class="chat"><small>Suicuninator left.</small></div><div class="chat">Suicuninator's rating: 1126 → <strong>1103</strong><br>(-23 for losing)</div><div class="chat">teammafia001's rating: 1153 → <strong>1176</strong><br>(+23 for winning)</div></div></div>
</div>
<script>
var daily = Math.floor(Date.now()/1000/60/60/24);document.write('<script src="https://play.pokemonshowdown.com/js/replay-embed.js?version'+daily+'"></'+'script>');
</script>
