<!DOCTYPE html>
<meta charset="utf-8" />
<!-- version 1 -->
<title>[Gen 7] Random Battle replay: Mehrunes Dagon vs. Poiklllo</title>
<style>
html,body {font-family:Verdana, sans-serif;font-size:10pt;margin:0;padding:0;}body{padding:12px 0;} .battle-log {font-family:Verdana, sans-serif;font-size:10pt;} .battle-log-inline {border:1px solid #AAAAAA;background:#EEF2F5;color:black;max-width:640px;margin:0 auto 80px;padding-bottom:5px;} .battle-log .inner {padding:4px 8px 0px 8px;} .battle-log .inner-preempt {padding:0 8px 4px 8px;} .battle-log .inner-after {margin-top:0.5em;} .battle-log h2 {margin:0.5em -8px;padding:4px 8px;border:1px solid #AAAAAA;background:#E0E7EA;border-left:0;border-right:0;font-family:Verdana, sans-serif;font-size:13pt;} .battle-log .chat {vertical-align:middle;padding:3px 0 3px 0;font-size:8pt;} .battle-log .chat strong {color:#40576A;} .battle-log .chat em {padding:1px 4px 1px 3px;color:#000000;font-style:normal;} .chat.mine {background:rgba(0,0,0,0.05);margin-left:-8px;margin-right:-8px;padding-left:8px;padding-right:8px;} .spoiler {color:#BBBBBB;background:#BBBBBB;padding:0px 3px;} .spoiler:hover, .spoiler:active, .spoiler-shown {color:#000000;background:#E2E2E2;padding:0px 3px;} .spoiler a {color:#BBBBBB;} .spoiler:hover a, .spoiler:active a, .spoiler-shown a {color:#2288CC;} .chat code, .chat .spoiler:hover code, .chat .spoiler:active code, .chat .spoiler-shown code {border:1px solid #C0C0C0;background:#EEEEEE;color:black;padding:0 2px;} .chat .spoiler code {border:1px solid #CCCCCC;background:#CCCCCC;color:#CCCCCC;} .battle-log .rated {padding:3px 4px;} .battle-log .rated strong {color:white;background:#89A;padding:1px 4px;border-radius:4px;} .spacer {margin-top:0.5em;} .message-announce {background:#6688AA;color:white;padding:1px 4px 2px;} .message-announce a, .broadcast-green a, .broadcast-blue a, .broadcast-red a {color:#DDEEFF;} .broadcast-green {background-color:#559955;color:white;padding:2px 4px;} .broadcast-blue {background-color:#6688AA;color:white;padding:2px 4px;} .infobox {border:1px solid #6688AA;padding:2px 4px;} .infobox-limited {max-height:200px;overflow:auto;overflow-x:hidden;} .broadcast-red {background-color:#AA5544;color:white;padding:2px 4px;} .message-learn-canlearn {font-weight:bold;color:#228822;text-decoration:underline;} .message-learn-cannotlearn {font-weight:bold;color:#CC2222;text-decoration:underline;} .message-effect-weak {font-weight:bold;color:#CC2222;} .message-effect-resist {font-weight:bold;color:#6688AA;} .message-effect-immune {font-weight:bold;color:#666666;} .message-learn-list {margin-top:0;margin-bottom:0;} .message-throttle-notice, .message-error {color:#992222;} .message-overflow, .chat small.message-overflow {font-size:0pt;} .message-overflow::before {font-size:9pt;content:'...';} .subtle {color:#3A4A66;}
</style>
<div class="wrapper replay-wrapper" style="max-width:1180px;margin:0 auto">
<input type="hidden" name="replayid" value="gen7randombattle-566573243" />
<div class="battle"></div><div class="battle-log"></div><div class="replay-controls"></div><div class="replay-controls-2"></div>
<h1 style="font-weight:normal;text-align:center"><strong>[Gen 7] Random Battle</strong><br /><a href="http://pokemonshowdown.com/users/mehrunesdagon" class="subtle" target="_blank">Mehrunes Dagon</a> vs. <a href="http://pokemonshowdown.com/users/poiklllo" class="subtle" target="_blank">Poiklllo</a></h1>
<script type="text/plain" class="battle-log-data">|j|Mehrunes Dagon
|j|Poiklllo
|player|p1|Mehrunes Dagon|150
|player|p2|Poiklllo|221
|gametype|singles
|gen|7
|tier|[Gen 7] Random Battle
|rated
|seed|14616,46004,49153,30972,64645,15824,58939,27009,33035,38859,18569,9871
|rule|Sleep Clause Mod: Limit one foe put to sleep
|rule|HP Percentage Mod: HP is shown in percentages
|
|start
|switch|p1a: Kingler|Kingler, L79, F|100\/100
|switch|p2a: Slowbro|Slowbro, L76, M|100\/100
|turn|1
|choice|move swordsdance|move calmmind mega
|
|detailschange|p2a: Slowbro|Slowbro-Mega, L76, M
|-mega|p2a: Slowbro|Slowbro|Slowbronite
|move|p1a: Kingler|Swords Dance|p1a: Kingler
|-boost|p1a: Kingler|atk|2
|move|p2a: Slowbro|Calm Mind|p2a: Slowbro
|-boost|p2a: Slowbro|spa|1
|-boost|p2a: Slowbro|spd|1
|
|upkeep
|turn|2
|choice|move xscissor|move calmmind
|
|move|p1a: Kingler|X-Scissor|p2a: Slowbro
|-supereffective|p2a: Slowbro
|-damage|p2a: Slowbro|24\/100
|-damage|p1a: Kingler|91\/100|[from] item: Life Orb
|move|p2a: Slowbro|Calm Mind|p2a: Slowbro
|-boost|p2a: Slowbro|spa|1
|-boost|p2a: Slowbro|spd|1
|
|upkeep
|turn|3
|choice|move xscissor|switch 2
|
|switch|p2a: Genesect|Genesect-Shock, L73|100\/100
|-ability|p2a: Genesect|Download|boost
|-boost|p2a: Genesect|spa|1
|move|p1a: Kingler|X-Scissor|p2a: Genesect
|-resisted|p2a: Genesect
|-damage|p2a: Genesect|63\/100
|-damage|p1a: Kingler|81\/100|[from] item: Life Orb
|
|upkeep
|turn|4
|choice|move crabhammer|move technoblast
|
|move|p2a: Genesect|Techno Blast|p1a: Kingler
|-supereffective|p1a: Kingler
|-damage|p1a: Kingler|0 fnt
|faint|p1a: Kingler
|
|upkeep
|choice|switch 5|
|
|switch|p1a: Entei|Entei, L77|100\/100
|-ability|p1a: Entei|Pressure
|turn|5
|choice|move flareblitz|switch 2
|
|switch|p2a: Slowbro|Slowbro-Mega, L76, M|24\/100
|move|p1a: Entei|Flare Blitz|p2a: Slowbro
|-resisted|p2a: Slowbro
|-damage|p2a: Slowbro|3\/100
|-damage|p1a: Entei|94\/100|[from] recoil|[of] p2a: Slowbro
|
|upkeep
|turn|6
|choice|move flareblitz|move scald
|
|move|p1a: Entei|Flare Blitz|p2a: Slowbro
|-resisted|p2a: Slowbro
|-damage|p2a: Slowbro|0 fnt
|-damage|p1a: Entei|94\/100|[from] recoil|[of] p2a: Slowbro
|faint|p2a: Slowbro
|
|upkeep
|choice||switch 6
|
|switch|p2a: Dragonite|Dragonite, L76, F|100\/100
|turn|7
|choice|switch 3|move dragondance
|
|switch|p1a: Rotom|Rotom-Mow, L79|100\/100
|move|p2a: Dragonite|Dragon Dance|p2a: Dragonite
|-boost|p2a: Dragonite|atk|1
|-boost|p2a: Dragonite|spe|1
|
|upkeep
|turn|8
|choice|move willowisp|move outrage
|
|move|p2a: Dragonite|Outrage|p1a: Rotom
|-damage|p1a: Rotom|12\/100
|move|p1a: Rotom|Will-O-Wisp|p2a: Dragonite
|-status|p2a: Dragonite|brn
|-enditem|p2a: Dragonite|Lum Berry|[eat]
|-curestatus|p2a: Dragonite|brn|[msg]
|
|upkeep
|turn|9
|choice|move willowisp|move outrage
|
|move|p2a: Dragonite|Outrage|p1a: Rotom|[from]lockedmove
|-damage|p1a: Rotom|0 fnt
|faint|p1a: Rotom
|
|upkeep
|choice|switch 3|
|
|switch|p1a: Entei|Entei, L77|94\/100
|-ability|p1a: Entei|Pressure
|turn|10
|choice|move stoneedge|move outrage
|
|move|p2a: Dragonite|Outrage|p1a: Entei|[from]lockedmove
|-damage|p1a: Entei|22\/100
|-start|p2a: Dragonite|confusion|[fatigue]
|move|p1a: Entei|Stone Edge|p2a: Dragonite|[miss]
|-miss|p1a: Entei|p2a: Dragonite
|
|upkeep
|turn|11
|-message|Mehrunes Dagon forfeited.
|
|win|Poiklllo
|l|Mehrunes Dagon</script>
</div>
<div class="battle-log battle-log-inline"><div class="inner"><div class="chat"><small>Mehrunes Dagon joined.</small></div><div class="chat"><small>Poiklllo joined.</small></div><div style="padding:5px 0"><small>Format:</small> <br><strong>[Gen 7] Random Battle</strong></div><div class="rated"><strong>Rated battle</strong></div><div><small><em>Sleep Clause Mod:</em> Limit one foe put to sleep</small></div><div><small><em>HP Percentage Mod:</em> HP is shown in percentages</small></div><div>Battle between Mehrunes Dagon and Poiklllo started!</div><div class="spacer"></div><div>Go! Kingler!</div><div class="spacer"></div><div>Poiklllo sent out Slowbro!</div><h2>Turn 1</h2><div class="spacer"></div><div><small>The opposing <span class="battle-nickname-foe" title="Slowbro-Mega">Slowbro</span>'s Slowbronite is reacting to Poiklllo's Mega Bracelet!<br>The opposing <span class="battle-nickname-foe" title="Slowbro-Mega">Slowbro</span> has Mega Evolved into Mega Slowbro!</small></div><div class="spacer"></div><div><span class="battle-nickname" title="Kingler">Kingler</span> used <strong>Swords Dance</strong>!</div><div><small><span class="battle-nickname" title="Kingler">Kingler</span>'s Attack rose sharply! </small></div><div class="spacer"></div><div>The opposing <span class="battle-nickname-foe" title="Slowbro-Mega">Slowbro</span> used <strong>Calm Mind</strong>!</div><div><small>The opposing <span class="battle-nickname-foe" title="Slowbro-Mega">Slowbro</span>'s Special Attack rose! The opposing <span class="battle-nickname-foe" title="Slowbro-Mega">Slowbro</span>'s Special Defense rose! </small></div><h2>Turn 2</h2><div class="spacer"></div><div><span class="battle-nickname" title="Kingler">Kingler</span> used <strong>X-Scissor</strong>!</div><div><small>It's super effective! </small><small>The opposing <span class="battle-nickname-foe" title="Slowbro-Mega">Slowbro</span> lost 76% of its health!</small><br></div><div><small><span class="battle-nickname" title="Kingler">Kingler</span> lost some of its HP!</small></div><div class="spacer"></div><div>The opposing <span class="battle-nickname-foe" title="Slowbro-Mega">Slowbro</span> used <strong>Calm Mind</strong>!</div><div><small>The opposing <span class="battle-nickname-foe" title="Slowbro-Mega">Slowbro</span>'s Special Attack rose! The opposing <span class="battle-nickname-foe" title="Slowbro-Mega">Slowbro</span>'s Special Defense rose! </small></div><h2>Turn 3</h2><div class="spacer"></div><div>Poiklllo withdrew <span class="battle-nickname-foe" title="Slowbro-Mega">Slowbro <small>(Slowbro-Mega)</small></span>!</div><div class="spacer"></div><div>Poiklllo sent out <span class="battle-nickname-foe" title="Genesect-Shock">Genesect <small>(Genesect-Shock)</small></span>!</div><div><small>[Opposing <span class="battle-nickname-foe" title="Genesect-Shock">Genesect</span>'s Download!]</small></div><div><small>The opposing <span class="battle-nickname-foe" title="Genesect-Shock">Genesect</span>'s Special Attack rose! </small></div><div class="spacer"></div><div><span class="battle-nickname" title="Kingler">Kingler</span> used <strong>X-Scissor</strong>!</div><div><small>It's not very effective... </small><small>The opposing <span class="battle-nickname-foe" title="Genesect-Shock">Genesect</span> lost 37% of its health!</small><br></div><div><small><span class="battle-nickname" title="Kingler">Kingler</span> lost some of its HP!</small></div><h2>Turn 4</h2><div class="spacer"></div><div>The opposing <span class="battle-nickname-foe" title="Genesect-Shock">Genesect</span> used <strong>Techno Blast</strong>!</div><div><small>It's super effective! </small><small><span class="battle-nickname" title="Kingler">Kingler</span> lost 81% of its health!</small><br></div><div class="spacer"></div><div><span class="battle-nickname" title="Kingler">Kingler</span> fainted!</div><div class="spacer"></div><div>Go! Entei!</div><div><small>[<span class="battle-nickname" title="Entei">Entei</span>'s Pressure!]</small></div><div><small><span class="battle-nickname" title="Entei">Entei</span> is exerting its pressure!</small></div><h2>Turn 5</h2><div class="spacer"></div><div>Poiklllo withdrew <span class="battle-nickname-foe" title="Genesect-Shock">Genesect <small>(Genesect-Shock)</small></span>!</div><div class="spacer"></div><div>Poiklllo sent out <span class="battle-nickname-foe" title="Slowbro-Mega">Slowbro <small>(Slowbro-Mega)</small></span>!</div><div class="spacer"></div><div><span class="battle-nickname" title="Entei">Entei</span> used <strong>Flare Blitz</strong>!</div><div><small>It's not very effective... </small><small>The opposing <span class="battle-nickname-foe" title="Slowbro-Mega">Slowbro</span> lost 21% of its health!</small><br></div><div><small><span class="battle-nickname" title="Entei">Entei</span> is damaged by the recoil!</small></div><h2>Turn 6</h2><div class="spacer"></div><div><span class="battle-nickname" title="Entei">Entei</span> used <strong>Flare Blitz</strong>!</div><div><small>It's not very effective... </small><small>The opposing <span class="battle-nickname-foe" title="Slowbro-Mega">Slowbro</span> lost 3% of its health!</small><br></div><div><small><span class="battle-nickname" title="Entei">Entei</span> is damaged by the recoil!</small></div><div class="spacer"></div><div>The opposing <span class="battle-nickname-foe" title="Slowbro-Mega">Slowbro</span> fainted!</div><div class="spacer"></div><div>Poiklllo sent out Dragonite!</div><h2>Turn 7</h2><div class="spacer"></div><div><span class="battle-nickname" title="Entei">Entei</span>, come back!</div><div class="spacer"></div><div>Go! <span class="battle-nickname" title="Rotom-Mow">Rotom <small>(Rotom-Mow)</small></span>!</div><div class="spacer"></div><div>The opposing <span class="battle-nickname-foe" title="Dragonite">Dragonite</span> used <strong>Dragon Dance</strong>!</div><div><small>The opposing <span class="battle-nickname-foe" title="Dragonite">Dragonite</span>'s Attack rose! The opposing <span class="battle-nickname-foe" title="Dragonite">Dragonite</span>'s Speed rose! </small></div><h2>Turn 8</h2><div class="spacer"></div><div>The opposing <span class="battle-nickname-foe" title="Dragonite">Dragonite</span> used <strong>Outrage</strong>!</div><div><small><span class="battle-nickname" title="Rotom-Mow">Rotom</span> lost 88% of its health!</small><br></div><div class="spacer"></div><div><span class="battle-nickname" title="Rotom-Mow">Rotom</span> used <strong>Will-O-Wisp</strong>!</div><div><small>The opposing <span class="battle-nickname-foe" title="Dragonite">Dragonite</span> was burned!</small></div><div><small>The opposing <span class="battle-nickname-foe" title="Dragonite">Dragonite</span> ate its Lum Berry!</small></div><div><small>The opposing <span class="battle-nickname-foe" title="Dragonite">Dragonite</span> healed its burn!</small></div><h2>Turn 9</h2><div class="spacer"></div><div>The opposing <span class="battle-nickname-foe" title="Dragonite">Dragonite</span> used <strong>Outrage</strong>!</div><div><small><span class="battle-nickname" title="Rotom-Mow">Rotom</span> lost 12% of its health!</small><br></div><div class="spacer"></div><div><span class="battle-nickname" title="Rotom-Mow">Rotom</span> fainted!</div><div class="spacer"></div><div>Go! Entei!</div><div><small>[<span class="battle-nickname" title="Entei">Entei</span>'s Pressure!]</small></div><div><small><span class="battle-nickname" title="Entei">Entei</span> is exerting its pressure!</small></div><h2>Turn 10</h2><div class="spacer"></div><div>The opposing <span class="battle-nickname-foe" title="Dragonite">Dragonite</span> used <strong>Outrage</strong>!</div><div><small><span class="battle-nickname" title="Entei">Entei</span> lost 72% of its health!</small><br></div><div><small>The opposing <span class="battle-nickname-foe" title="Dragonite">Dragonite</span> became confused due to fatigue!</small></div><div class="spacer"></div><div><span class="battle-nickname" title="Entei">Entei</span> used <strong>Stone Edge</strong>!</div><div><small>The opposing <span class="battle-nickname-foe" title="Dragonite">Dragonite</span> avoided the attack!</small></div><h2>Turn 11</h2><div class="spacer"></div><div><small>Mehrunes Dagon forfeited.</small></div><div class="spacer"></div><div>Poiklllo won the battle!</div><div class="chat"><small>Mehrunes Dagon left.</small></div></div></div>
</div>
<script>
var daily = Math.floor(Date.now()/1000/60/60/24);document.write('<script src="https://play.pokemonshowdown.com/js/replay-embed.js?version'+daily+'"></'+'script>');
</script>
