<!DOCTYPE html>
<meta charset="utf-8" />
<!-- version 1 -->
<title>[Gen 7] Random Battle replay: sharkimedes vs. kelvinz888</title>
<style>
html,body {font-family:Verdana, sans-serif;font-size:10pt;margin:0;padding:0;}body{padding:12px 0;} .battle-log {font-family:Verdana, sans-serif;font-size:10pt;} .battle-log-inline {border:1px solid #AAAAAA;background:#EEF2F5;color:black;max-width:640px;margin:0 auto 80px;padding-bottom:5px;} .battle-log .inner {padding:4px 8px 0px 8px;} .battle-log .inner-preempt {padding:0 8px 4px 8px;} .battle-log .inner-after {margin-top:0.5em;} .battle-log h2 {margin:0.5em -8px;padding:4px 8px;border:1px solid #AAAAAA;background:#E0E7EA;border-left:0;border-right:0;font-family:Verdana, sans-serif;font-size:13pt;} .battle-log .chat {vertical-align:middle;padding:3px 0 3px 0;font-size:8pt;} .battle-log .chat strong {color:#40576A;} .battle-log .chat em {padding:1px 4px 1px 3px;color:#000000;font-style:normal;} .chat.mine {background:rgba(0,0,0,0.05);margin-left:-8px;margin-right:-8px;padding-left:8px;padding-right:8px;} .spoiler {color:#BBBBBB;background:#BBBBBB;padding:0px 3px;} .spoiler:hover, .spoiler:active, .spoiler-shown {color:#000000;background:#E2E2E2;padding:0px 3px;} .spoiler a {color:#BBBBBB;} .spoiler:hover a, .spoiler:active a, .spoiler-shown a {color:#2288CC;} .chat code, .chat .spoiler:hover code, .chat .spoiler:active code, .chat .spoiler-shown code {border:1px solid #C0C0C0;background:#EEEEEE;color:black;padding:0 2px;} .chat .spoiler code {border:1px solid #CCCCCC;background:#CCCCCC;color:#CCCCCC;} .battle-log .rated {padding:3px 4px;} .battle-log .rated strong {color:white;background:#89A;padding:1px 4px;border-radius:4px;} .spacer {margin-top:0.5em;} .message-announce {background:#6688AA;color:white;padding:1px 4px 2px;} .message-announce a, .broadcast-green a, .broadcast-blue a, .broadcast-red a {color:#DDEEFF;} .broadcast-green {background-color:#559955;color:white;padding:2px 4px;} .broadcast-blue {background-color:#6688AA;color:white;padding:2px 4px;} .infobox {border:1px solid #6688AA;padding:2px 4px;} .infobox-limited {max-height:200px;overflow:auto;overflow-x:hidden;} .broadcast-red {background-color:#AA5544;color:white;padding:2px 4px;} .message-learn-canlearn {font-weight:bold;color:#228822;text-decoration:underline;} .message-learn-cannotlearn {font-weight:bold;color:#CC2222;text-decoration:underline;} .message-effect-weak {font-weight:bold;color:#CC2222;} .message-effect-resist {font-weight:bold;color:#6688AA;} .message-effect-immune {font-weight:bold;color:#666666;} .message-learn-list {margin-top:0;margin-bottom:0;} .message-throttle-notice, .message-error {color:#992222;} .message-overflow, .chat small.message-overflow {font-size:0pt;} .message-overflow::before {font-size:9pt;content:'...';} .subtle {color:#3A4A66;}
</style>
<div class="wrapper replay-wrapper" style="max-width:1180px;margin:0 auto">
<input type="hidden" name="replayid" value="gen7randombattle-566582541" />
<div class="battle"></div><div class="battle-log"></div><div class="replay-controls"></div><div class="replay-controls-2"></div>
<h1 style="font-weight:normal;text-align:center"><strong>[Gen 7] Random Battle</strong><br /><a href="http://pokemonshowdown.com/users/sharkimedes" class="subtle" target="_blank">sharkimedes</a> vs. <a href="http://pokemonshowdown.com/users/kelvinz888" class="subtle" target="_blank">kelvinz888</a></h1>
<script type="text/plain" class="battle-log-data">|j|sharkimedes
|J|kelvinz888
|player|p1|sharkimedes|267
|player|p2|kelvinz888|23
|gametype|singles
|gen|7
|tier|[Gen 7] Random Battle
|rated
|seed|8872,6257,24536,5011,29808,3099,39638,52713,42414,30642,3026,18972
|rule|Sleep Clause Mod: Limit one foe put to sleep
|rule|HP Percentage Mod: HP is shown in percentages
|
|start
|switch|p1a: Wobbuffet|Wobbuffet, L76, M|100\/100
|switch|p2a: Audino|Audino, L75, M|100\/100
|turn|1
|choice|move encore|move calmmind mega
|
|detailschange|p2a: Audino|Audino-Mega, L75, M
|-mega|p2a: Audino|Audino|Audinite
|move|p2a: Audino|Calm Mind|p2a: Audino
|-boost|p2a: Audino|spa|1
|-boost|p2a: Audino|spd|1
|move|p1a: Wobbuffet|Encore|p2a: Audino
|-start|p2a: Audino|Encore
|
|upkeep
|turn|2
|choice|switch 3|move calmmind
|
|switch|p1a: Latias|Latias, L75, F|100\/100
|move|p2a: Audino|Calm Mind|p2a: Audino
|-boost|p2a: Audino|spa|1
|-boost|p2a: Audino|spd|1
|
|upkeep
|turn|3
|choice|move calmmind mega|move calmmind
|
|detailschange|p1a: Latias|Latias-Mega, L75, F
|-mega|p1a: Latias|Latias|Latiasite
|move|p1a: Latias|Calm Mind|p1a: Latias
|-boost|p1a: Latias|spa|1
|-boost|p1a: Latias|spd|1
|move|p2a: Audino|Calm Mind|p2a: Audino
|-boost|p2a: Audino|spa|1
|-boost|p2a: Audino|spd|1
|
|upkeep
|turn|4
|choice|move calmmind|move calmmind
|
|move|p1a: Latias|Calm Mind|p1a: Latias
|-boost|p1a: Latias|spa|1
|-boost|p1a: Latias|spd|1
|move|p2a: Audino|Calm Mind|p2a: Audino
|-boost|p2a: Audino|spa|1
|-boost|p2a: Audino|spd|1
|
|-end|p2a: Audino|Encore
|upkeep
|turn|5
|choice|move calmmind|move hypervoice
|
|move|p1a: Latias|Calm Mind|p1a: Latias
|-boost|p1a: Latias|spa|1
|-boost|p1a: Latias|spd|1
|move|p2a: Audino|Hyper Voice|p1a: Latias
|-damage|p1a: Latias|78\/100
|
|upkeep
|turn|6
|choice|move psyshock|move hypervoice
|
|move|p1a: Latias|Psyshock|p2a: Audino
|-damage|p2a: Audino|31\/100
|move|p2a: Audino|Hyper Voice|p1a: Latias
|-damage|p1a: Latias|55\/100
|
|upkeep
|turn|7
|choice|move roost|move hypervoice
|
|move|p1a: Latias|Roost|p1a: Latias
|-heal|p1a: Latias|100\/100
|move|p2a: Audino|Hyper Voice|p1a: Latias
|-crit|p1a: Latias
|-damage|p1a: Latias|12\/100
|
|upkeep
|turn|8
|choice|move roost|move hypervoice
|
|move|p1a: Latias|Roost|p1a: Latias
|-heal|p1a: Latias|62\/100
|move|p2a: Audino|Hyper Voice|p1a: Latias
|-damage|p1a: Latias|37\/100
|
|upkeep
|turn|9
|choice|move roost|move hypervoice
|
|move|p1a: Latias|Roost|p1a: Latias
|-heal|p1a: Latias|87\/100
|move|p2a: Audino|Hyper Voice|p1a: Latias
|-crit|p1a: Latias
|-damage|p1a: Latias|1\/100
|
|upkeep
|turn|10
|choice|move roost|move hypervoice
|
|move|p1a: Latias|Roost|p1a: Latias
|-heal|p1a: Latias|51\/100
|move|p2a: Audino|Hyper Voice|p1a: Latias
|-damage|p1a: Latias|26\/100
|
|upkeep
|turn|11
|choice|move roost|move hypervoice
|
|move|p1a: Latias|Roost|p1a: Latias
|-heal|p1a: Latias|76\/100
|move|p2a: Audino|Hyper Voice|p1a: Latias
|-damage|p1a: Latias|53\/100
|
|upkeep
|turn|12
|choice|move roost|move hypervoice
|
|move|p1a: Latias|Roost|p1a: Latias
|-heal|p1a: Latias|100\/100
|move|p2a: Audino|Hyper Voice|p1a: Latias
|-damage|p1a: Latias|74\/100
|
|upkeep
|turn|13
|choice|move psyshock|move hypervoice
|
|move|p1a: Latias|Psyshock|p2a: Audino
|-crit|p2a: Audino
|-damage|p2a: Audino|0 fnt
|faint|p2a: Audino
|
|upkeep
|choice||switch 6
|
|switch|p2a: Liepard|Liepard, L79, M|100\/100
|turn|14
|choice|move dracometeor|move knockoff
|
|move|p2a: Liepard|Knock Off|p1a: Latias
|-supereffective|p1a: Latias
|-damage|p1a: Latias|30\/100
|move|p1a: Latias|Draco Meteor|p2a: Liepard
|-damage|p2a: Liepard|0 fnt
|-unboost|p1a: Latias|spa|2
|faint|p2a: Liepard
|
|upkeep
|-message|kelvinz888 forfeited.
|
|win|sharkimedes
|L|kelvinz888
|raw|sharkimedes's rating: 1645 &rarr; <strong>1665<\/strong><br \/>(+20 for winning)
|raw|kelvinz888's rating: 1649 &rarr; <strong>1628<\/strong><br \/>(-21 for losing)</script>
</div>
<div class="battle-log battle-log-inline"><div class="inner"><div class="chat"><small>sharkimedes joined.</small></div><div style="padding:5px 0"><small>Format:</small> <br><strong>[Gen 7] Random Battle</strong></div><div class="rated"><strong>Rated battle</strong></div><div><small><em>Sleep Clause Mod:</em> Limit one foe put to sleep</small></div><div><small><em>HP Percentage Mod:</em> HP is shown in percentages</small></div><div>Battle between sharkimedes and kelvinz888 started!</div><div class="spacer"></div><div>Go! Wobbuffet!</div><div class="spacer"></div><div>kelvinz888 sent out Audino!</div><h2>Turn 1</h2><div class="spacer"></div><div><small>The opposing <span class="battle-nickname-foe" title="Audino-Mega">Audino</span>'s Audinite is reacting to kelvinz888's Mega Bracelet!<br>The opposing <span class="battle-nickname-foe" title="Audino-Mega">Audino</span> has Mega Evolved into Mega Audino!</small></div><div class="spacer"></div><div>The opposing <span class="battle-nickname-foe" title="Audino-Mega">Audino</span> used <strong>Calm Mind</strong>!</div><div><small>The opposing <span class="battle-nickname-foe" title="Audino-Mega">Audino</span>'s Special Attack rose! The opposing <span class="battle-nickname-foe" title="Audino-Mega">Audino</span>'s Special Defense rose! </small></div><div class="spacer"></div><div><span class="battle-nickname" title="Wobbuffet">Wobbuffet</span> used <strong>Encore</strong>!</div><div><small>The opposing <span class="battle-nickname-foe" title="Audino-Mega">Audino</span> received an encore!</small></div><h2>Turn 2</h2><div class="spacer"></div><div><span class="battle-nickname" title="Wobbuffet">Wobbuffet</span>, come back!</div><div class="spacer"></div><div>Go! Latias!</div><div class="spacer"></div><div>The opposing <span class="battle-nickname-foe" title="Audino-Mega">Audino</span> used <strong>Calm Mind</strong>!</div><div><small>The opposing <span class="battle-nickname-foe" title="Audino-Mega">Audino</span>'s Special Attack rose! The opposing <span class="battle-nickname-foe" title="Audino-Mega">Audino</span>'s Special Defense rose! </small></div><h2>Turn 3</h2><div class="spacer"></div><div><small><span class="battle-nickname" title="Latias-Mega">Latias</span>'s Latiasite is reacting to sharkimedes's Mega Bracelet!<br><span class="battle-nickname" title="Latias-Mega">Latias</span> has Mega Evolved into Mega Latias!</small></div><div class="spacer"></div><div><span class="battle-nickname" title="Latias-Mega">Latias</span> used <strong>Calm Mind</strong>!</div><div><small><span class="battle-nickname" title="Latias-Mega">Latias</span>'s Special Attack rose! <span class="battle-nickname" title="Latias-Mega">Latias</span>'s Special Defense rose! </small></div><div class="spacer"></div><div>The opposing <span class="battle-nickname-foe" title="Audino-Mega">Audino</span> used <strong>Calm Mind</strong>!</div><div><small>The opposing <span class="battle-nickname-foe" title="Audino-Mega">Audino</span>'s Special Attack rose! The opposing <span class="battle-nickname-foe" title="Audino-Mega">Audino</span>'s Special Defense rose! </small></div><h2>Turn 4</h2><div class="spacer"></div><div><span class="battle-nickname" title="Latias-Mega">Latias</span> used <strong>Calm Mind</strong>!</div><div><small><span class="battle-nickname" title="Latias-Mega">Latias</span>'s Special Attack rose! <span class="battle-nickname" title="Latias-Mega">Latias</span>'s Special Defense rose! </small></div><div class="spacer"></div><div>The opposing <span class="battle-nickname-foe" title="Audino-Mega">Audino</span> used <strong>Calm Mind</strong>!</div><div><small>The opposing <span class="battle-nickname-foe" title="Audino-Mega">Audino</span>'s Special Attack rose! The opposing <span class="battle-nickname-foe" title="Audino-Mega">Audino</span>'s Special Defense rose! </small></div><div class="spacer"></div><div><small>The opposing <span class="battle-nickname-foe" title="Audino-Mega">Audino</span>'s encore ended!</small></div><h2>Turn 5</h2><div class="spacer"></div><div><span class="battle-nickname" title="Latias-Mega">Latias</span> used <strong>Calm Mind</strong>!</div><div><small><span class="battle-nickname" title="Latias-Mega">Latias</span>'s Special Attack rose! <span class="battle-nickname" title="Latias-Mega">Latias</span>'s Special Defense rose! </small></div><div class="spacer"></div><div>The opposing <span class="battle-nickname-foe" title="Audino-Mega">Audino</span> used <strong>Hyper Voice</strong>!</div><div><small><span class="battle-nickname" title="Latias-Mega">Latias</span> lost 22% of its health!</small><br></div><h2>Turn 6</h2><div class="spacer"></div><div><span class="battle-nickname" title="Latias-Mega">Latias</span> used <strong>Psyshock</strong>!</div><div><small>The opposing <span class="battle-nickname-foe" title="Audino-Mega">Audino</span> lost 69% of its health!</small><br></div><div class="spacer"></div><div>The opposing <span class="battle-nickname-foe" title="Audino-Mega">Audino</span> used <strong>Hyper Voice</strong>!</div><div><small><span class="battle-nickname" title="Latias-Mega">Latias</span> lost 23% of its health!</small><br></div><h2>Turn 7</h2><div class="spacer"></div><div><span class="battle-nickname" title="Latias-Mega">Latias</span> used <strong>Roost</strong>!</div><div><small><span class="battle-nickname" title="Latias-Mega">Latias</span> restored its HP.</small></div><div class="spacer"></div><div>The opposing <span class="battle-nickname-foe" title="Audino-Mega">Audino</span> used <strong>Hyper Voice</strong>!</div><div><small>A critical hit! </small><small><span class="battle-nickname" title="Latias-Mega">Latias</span> lost 88% of its health!</small><br></div><h2>Turn 8</h2><div class="spacer"></div><div><span class="battle-nickname" title="Latias-Mega">Latias</span> used <strong>Roost</strong>!</div><div><small><span class="battle-nickname" title="Latias-Mega">Latias</span> restored its HP.</small></div><div class="spacer"></div><div>The opposing <span class="battle-nickname-foe" title="Audino-Mega">Audino</span> used <strong>Hyper Voice</strong>!</div><div><small><span class="battle-nickname" title="Latias-Mega">Latias</span> lost 25% of its health!</small><br></div><h2>Turn 9</h2><div class="spacer"></div><div><span class="battle-nickname" title="Latias-Mega">Latias</span> used <strong>Roost</strong>!</div><div><small><span class="battle-nickname" title="Latias-Mega">Latias</span> restored its HP.</small></div><div class="spacer"></div><div>The opposing <span class="battle-nickname-foe" title="Audino-Mega">Audino</span> used <strong>Hyper Voice</strong>!</div><div><small>A critical hit! </small><small><span class="battle-nickname" title="Latias-Mega">Latias</span> lost 86% of its health!</small><br></div><h2>Turn 10</h2><div class="spacer"></div><div><span class="battle-nickname" title="Latias-Mega">Latias</span> used <strong>Roost</strong>!</div><div><small><span class="battle-nickname" title="Latias-Mega">Latias</span> restored its HP.</small></div><div class="spacer"></div><div>The opposing <span class="battle-nickname-foe" title="Audino-Mega">Audino</span> used <strong>Hyper Voice</strong>!</div><div><small><span class="battle-nickname" title="Latias-Mega">Latias</span> lost 25% of its health!</small><br></div><h2>Turn 11</h2><div class="spacer"></div><div><span class="battle-nickname" title="Latias-Mega">Latias</span> used <strong>Roost</strong>!</div><div><small><span class="battle-nickname" title="Latias-Mega">Latias</span> restored its HP.</small></div><div class="spacer"></div><div>The opposing <span class="battle-nickname-foe" title="Audino-Mega">Audino</span> used <strong>Hyper Voice</strong>!</div><div><small><span class="battle-nickname" title="Latias-Mega">Latias</span> lost 23% of its health!</small><br></div><h2>Turn 12</h2><div class="spacer"></div><div><span class="battle-nickname" title="Latias-Mega">Latias</span> used <strong>Roost</strong>!</div><div><small><span class="battle-nickname" title="Latias-Mega">Latias</span> restored its HP.</small></div><div class="spacer"></div><div>The opposing <span class="battle-nickname-foe" title="Audino-Mega">Audino</span> used <strong>Hyper Voice</strong>!</div><div><small><span class="battle-nickname" title="Latias-Mega">Latias</span> lost 26% of its health!</small><br></div><h2>Turn 13</h2><div class="spacer"></div><div><span class="battle-nickname" title="Latias-Mega">Latias</span> used <strong>Psyshock</strong>!</div><div><small>A critical hit! </small><small>The opposing <span class="battle-nickname-foe" title="Audino-Mega">Audino</span> lost 31% of its health!</small><br></div><div class="spacer"></div><div>The opposing <span class="battle-nickname-foe" title="Audino-Mega">Audino</span> fainted!</div><div class="spacer"></div><div>kelvinz888 sent out Liepard!</div><h2>Turn 14</h2><div class="spacer"></div><div>The opposing <span class="battle-nickname-foe" title="Liepard">Liepard</span> used <strong>Knock Off</strong>!</div><div><small>It's super effective! </small><small><span class="battle-nickname" title="Latias-Mega">Latias</span> lost 44% of its health!</small><br></div><div class="spacer"></div><div><span class="battle-nickname" title="Latias-Mega">Latias</span> used <strong>Draco Meteor</strong>!</div><div><small>The opposing <span class="battle-nickname-foe" title="Liepard">Liepard</span> lost 100% of its health!</small><br></div><div><small><span class="battle-nickname" title="Latias-Mega">Latias</span>'s Special Attack fell harshly! </small></div><div class="spacer"></div><div>The opposing <span class="battle-nickname-foe" title="Liepard">Liepard</span> fainted!</div><div class="spacer"></div><div><small>kelvinz888 forfeited.</small></div><div class="spacer"></div><div>sharkimedes won the battle!</div><div class="chat">sharkimedes's rating: 1645 → <strong>1665</strong><br>(+20 for winning)</div><div class="chat">kelvinz888's rating: 1649 → <strong>1628</strong><br>(-21 for losing)</div></div></div>
</div>
<script>
var daily = Math.floor(Date.now()/1000/60/60/24);document.write('<script src="https://play.pokemonshowdown.com/js/replay-embed.js?version'+daily+'"></'+'script>');
</script>
