<!DOCTYPE html>
<meta charset="utf-8" />
<!-- version 1 -->
<title>[Gen 7] Random Battle replay: Dlasmen vs. Sakachaire</title>
<style>
html,body {font-family:Verdana, sans-serif;font-size:10pt;margin:0;padding:0;}body{padding:12px 0;} .battle-log {font-family:Verdana, sans-serif;font-size:10pt;} .battle-log-inline {border:1px solid #AAAAAA;background:#EEF2F5;color:black;max-width:640px;margin:0 auto 80px;padding-bottom:5px;} .battle-log .inner {padding:4px 8px 0px 8px;} .battle-log .inner-preempt {padding:0 8px 4px 8px;} .battle-log .inner-after {margin-top:0.5em;} .battle-log h2 {margin:0.5em -8px;padding:4px 8px;border:1px solid #AAAAAA;background:#E0E7EA;border-left:0;border-right:0;font-family:Verdana, sans-serif;font-size:13pt;} .battle-log .chat {vertical-align:middle;padding:3px 0 3px 0;font-size:8pt;} .battle-log .chat strong {color:#40576A;} .battle-log .chat em {padding:1px 4px 1px 3px;color:#000000;font-style:normal;} .chat.mine {background:rgba(0,0,0,0.05);margin-left:-8px;margin-right:-8px;padding-left:8px;padding-right:8px;} .spoiler {color:#BBBBBB;background:#BBBBBB;padding:0px 3px;} .spoiler:hover, .spoiler:active, .spoiler-shown {color:#000000;background:#E2E2E2;padding:0px 3px;} .spoiler a {color:#BBBBBB;} .spoiler:hover a, .spoiler:active a, .spoiler-shown a {color:#2288CC;} .chat code, .chat .spoiler:hover code, .chat .spoiler:active code, .chat .spoiler-shown code {border:1px solid #C0C0C0;background:#EEEEEE;color:black;padding:0 2px;} .chat .spoiler code {border:1px solid #CCCCCC;background:#CCCCCC;color:#CCCCCC;} .battle-log .rated {padding:3px 4px;} .battle-log .rated strong {color:white;background:#89A;padding:1px 4px;border-radius:4px;} .spacer {margin-top:0.5em;} .message-announce {background:#6688AA;color:white;padding:1px 4px 2px;} .message-announce a, .broadcast-green a, .broadcast-blue a, .broadcast-red a {color:#DDEEFF;} .broadcast-green {background-color:#559955;color:white;padding:2px 4px;} .broadcast-blue {background-color:#6688AA;color:white;padding:2px 4px;} .infobox {border:1px solid #6688AA;padding:2px 4px;} .infobox-limited {max-height:200px;overflow:auto;overflow-x:hidden;} .broadcast-red {background-color:#AA5544;color:white;padding:2px 4px;} .message-learn-canlearn {font-weight:bold;color:#228822;text-decoration:underline;} .message-learn-cannotlearn {font-weight:bold;color:#CC2222;text-decoration:underline;} .message-effect-weak {font-weight:bold;color:#CC2222;} .message-effect-resist {font-weight:bold;color:#6688AA;} .message-effect-immune {font-weight:bold;color:#666666;} .message-learn-list {margin-top:0;margin-bottom:0;} .message-throttle-notice, .message-error {color:#992222;} .message-overflow, .chat small.message-overflow {font-size:0pt;} .message-overflow::before {font-size:9pt;content:'...';} .subtle {color:#3A4A66;}
</style>
<div class="wrapper replay-wrapper" style="max-width:1180px;margin:0 auto">
<input type="hidden" name="replayid" value="gen7randombattle-566928979" />
<div class="battle"></div><div class="battle-log"></div><div class="replay-controls"></div><div class="replay-controls-2"></div>
<h1 style="font-weight:normal;text-align:center"><strong>[Gen 7] Random Battle</strong><br /><a href="http://pokemonshowdown.com/users/dlasmen" class="subtle" target="_blank">Dlasmen</a> vs. <a href="http://pokemonshowdown.com/users/sakachaire" class="subtle" target="_blank">Sakachaire</a></h1>
<script type="text/plain" class="battle-log-data">|j|Dlasmen
|j|Sakachaire
|player|p1|Dlasmen|209
|player|p2|Sakachaire|10
|gametype|singles
|gen|7
|tier|[Gen 7] Random Battle
|seed|10819,24720,34951,29409,5545,63333,31047,19659,3660,27716,51708,53494
|rule|Sleep Clause Mod: Limit one foe put to sleep
|rule|HP Percentage Mod: HP is shown in percentages
|
|start
|switch|p1a: Scolipede|Scolipede, L75, M|100\/100
|switch|p2a: Steelix|Steelix, L75, F|100\/100
|turn|1
|choice|move substitute|move stealthrock mega
|
|detailschange|p2a: Steelix|Steelix-Mega, L75, F
|-mega|p2a: Steelix|Steelix|Steelixite
|move|p1a: Scolipede|Substitute|p1a: Scolipede
|-start|p1a: Scolipede|Substitute
|-damage|p1a: Scolipede|76\/100
|move|p2a: Steelix|Stealth Rock|p1a: Scolipede
|-sidestart|p1: Dlasmen|move: Stealth Rock
|
|-heal|p1a: Scolipede|82\/100|[from] item: Black Sludge
|-ability|p1a: Scolipede|Speed Boost|boost
|-boost|p1a: Scolipede|spe|1
|upkeep
|turn|2
|choice|move megahorn|move roar
|
|move|p1a: Scolipede|Megahorn|p2a: Steelix|[miss]
|-miss|p1a: Scolipede|p2a: Steelix
|move|p2a: Steelix|Roar|p1a: Scolipede
|drag|p1a: Torterra|Torterra, L79, M|100\/100
|-damage|p1a: Torterra|94\/100|[from] Stealth Rock
|
|-heal|p1a: Torterra|100\/100|[from] item: Leftovers
|upkeep
|turn|3
|choice|move stealthrock|move toxic
|
|move|p1a: Torterra|Stealth Rock|p2a: Steelix
|-sidestart|p2: Sakachaire|move: Stealth Rock
|move|p2a: Steelix|Toxic|p1a: Torterra
|-status|p1a: Torterra|tox
|
|-damage|p1a: Torterra|94\/100 tox|[from] psn
|upkeep
|turn|4
|choice|move earthquake|move roar
|
|move|p1a: Torterra|Earthquake|p2a: Steelix
|-supereffective|p2a: Steelix
|-damage|p2a: Steelix|57\/100
|move|p2a: Steelix|Roar|p1a: Torterra
|drag|p1a: Scolipede|Scolipede, L75, M|82\/100
|-damage|p1a: Scolipede|57\/100|[from] Stealth Rock
|
|-heal|p1a: Scolipede|63\/100|[from] item: Black Sludge
|upkeep
|turn|5
|choice|move megahorn|move roar
|
|move|p1a: Scolipede|Megahorn|p2a: Steelix
|-resisted|p2a: Steelix
|-damage|p2a: Steelix|46\/100
|move|p2a: Steelix|Roar|p1a: Scolipede
|drag|p1a: Xatu|Xatu, L79, F|100\/100
|-damage|p1a: Xatu|76\/100|[from] Stealth Rock
|
|upkeep
|turn|6
|choice|move heatwave|move roar
|
|move|p1a: Xatu|Heat Wave|p2a: Steelix
|-supereffective|p2a: Steelix
|-damage|p2a: Steelix|0 fnt
|faint|p2a: Steelix
|
|upkeep
|choice||switch 2
|
|switch|p2a: Clefable|Clefable, L77, M|100\/100
|turn|7
|choice|move lightscreen|move thunderwave
|
|move|p1a: Xatu|Light Screen|p1a: Xatu
|-sidestart|p1: Dlasmen|move: Light Screen
|move|p2a: Clefable|Thunder Wave|p1a: Xatu
|move|p1a: Xatu|Thunder Wave|p2a: Clefable|[from]Magic Bounce|[miss]
|-miss|p1a: Xatu|p2a: Clefable
|
|upkeep
|turn|8
|choice|move psychic|move moonblast
|
|move|p1a: Xatu|Psychic|p2a: Clefable
|-damage|p2a: Clefable|65\/100
|move|p2a: Clefable|Moonblast|p1a: Xatu
|-damage|p1a: Xatu|46\/100
|
|upkeep
|turn|9
|choice|move roost|move moonblast
|
|move|p1a: Xatu|Roost|p1a: Xatu
|-heal|p1a: Xatu|97\/100
|move|p2a: Clefable|Moonblast|p1a: Xatu
|-damage|p1a: Xatu|69\/100
|
|upkeep
|turn|10
|choice|move psychic|move softboiled
|
|move|p1a: Xatu|Psychic|p2a: Clefable
|-damage|p2a: Clefable|31\/100
|move|p2a: Clefable|Soft-Boiled|p2a: Clefable
|-heal|p2a: Clefable|81\/100
|
|upkeep
|turn|11
|choice|move psychic|move moonblast
|
|move|p1a: Xatu|Psychic|p2a: Clefable
|-damage|p2a: Clefable|47\/100
|move|p2a: Clefable|Moonblast|p1a: Xatu
|-damage|p1a: Xatu|39\/100
|
|upkeep
|turn|12
|choice|move psychic|move softboiled
|
|move|p1a: Xatu|Psychic|p2a: Clefable
|-damage|p2a: Clefable|13\/100
|move|p2a: Clefable|Soft-Boiled|p2a: Clefable
|-heal|p2a: Clefable|63\/100
|
|upkeep
|turn|13
|choice|move psychic|move softboiled
|
|move|p1a: Xatu|Psychic|p2a: Clefable
|-damage|p2a: Clefable|29\/100
|move|p2a: Clefable|Soft-Boiled|p2a: Clefable
|-heal|p2a: Clefable|80\/100
|
|upkeep
|turn|14
|choice|move psychic|move softboiled
|
|move|p1a: Xatu|Psychic|p2a: Clefable
|-damage|p2a: Clefable|44\/100
|move|p2a: Clefable|Soft-Boiled|p2a: Clefable
|-heal|p2a: Clefable|95\/100
|
|-sideend|p1: Dlasmen|move: Light Screen
|upkeep
|turn|15
|choice|move roost|move moonblast
|
|move|p1a: Xatu|Roost|p1a: Xatu
|-heal|p1a: Xatu|89\/100
|move|p2a: Clefable|Moonblast|p1a: Xatu
|-damage|p1a: Xatu|31\/100
|
|upkeep
|turn|16
|choice|move lightscreen|move moonblast
|
|move|p1a: Xatu|Light Screen|p1a: Xatu
|-sidestart|p1: Dlasmen|move: Light Screen
|move|p2a: Clefable|Moonblast|p1a: Xatu
|-damage|p1a: Xatu|2\/100
|
|upkeep
|turn|17
|choice|move roost|switch 4
|
|switch|p2a: Arceus|Arceus-Rock, L73|100\/100
|-damage|p2a: Arceus|88\/100|[from] Stealth Rock
|move|p1a: Xatu|Roost|p1a: Xatu
|-heal|p1a: Xatu|52\/100
|
|upkeep
|turn|18
|choice|switch 3|move stoneedge
|
|switch|p1a: Slowbro|Slowbro, L76, F|100\/100
|-damage|p1a: Slowbro|88\/100|[from] Stealth Rock
|move|p2a: Arceus|Stone Edge|p1a: Slowbro
|-damage|p1a: Slowbro|49\/100
|
|upkeep
|turn|19
|choice|move scald mega|switch 6
|
|switch|p2a: Carnivine|Carnivine, L79, M|100\/100
|-damage|p2a: Carnivine|88\/100|[from] Stealth Rock
|detailschange|p1a: Slowbro|Slowbro-Mega, L76, F
|-mega|p1a: Slowbro|Slowbro|Slowbronite
|move|p1a: Slowbro|Scald|p2a: Carnivine
|-resisted|p2a: Carnivine
|-damage|p2a: Carnivine|68\/100
|
|upkeep
|turn|20
|choice|move icebeam|move powerwhip
|
|move|p2a: Carnivine|Power Whip|p1a: Slowbro
|-supereffective|p1a: Slowbro
|-damage|p1a: Slowbro|0 fnt
|faint|p1a: Slowbro
|
|upkeep
|choice|switch 5|
|
|switch|p1a: Scolipede|Scolipede, L75, M|63\/100
|-damage|p1a: Scolipede|38\/100|[from] Stealth Rock
|turn|21
|choice|move substitute|switch 6
|
|switch|p2a: Arceus|Arceus-Rock, L73|88\/100
|-damage|p2a: Arceus|75\/100|[from] Stealth Rock
|move|p1a: Scolipede|Substitute|p1a: Scolipede
|-start|p1a: Scolipede|Substitute
|-damage|p1a: Scolipede|14\/100
|
|-heal|p1a: Scolipede|20\/100|[from] item: Black Sludge
|-ability|p1a: Scolipede|Speed Boost|boost
|-boost|p1a: Scolipede|spe|1
|upkeep
|turn|22
|choice|move swordsdance|move earthquake
|
|move|p1a: Scolipede|Swords Dance|p1a: Scolipede
|-boost|p1a: Scolipede|atk|2
|move|p2a: Arceus|Earthquake|p1a: Scolipede
|-end|p1a: Scolipede|Substitute
|
|-heal|p1a: Scolipede|26\/100|[from] item: Black Sludge
|-ability|p1a: Scolipede|Speed Boost|boost
|-boost|p1a: Scolipede|spe|1
|upkeep
|turn|23
|choice|move batonpass|move earthquake
|
|move|p1a: Scolipede|Baton Pass|p1a: Scolipede
|choice|switch 6|
|
|switch|p1a: Tauros|Tauros, L79, M|100\/100
|-damage|p1a: Tauros|88\/100|[from] Stealth Rock
|move|p2a: Arceus|Earthquake|p1a: Tauros
|-damage|p1a: Tauros|61\/100
|
|-sideend|p1: Dlasmen|move: Light Screen
|upkeep
|turn|24
|choice|move earthquake|move stoneedge
|
|move|p1a: Tauros|Earthquake|p2a: Arceus
|-supereffective|p2a: Arceus
|-damage|p2a: Arceus|0 fnt
|-damage|p1a: Tauros|51\/100|[from] item: Life Orb
|faint|p2a: Arceus
|
|upkeep
|choice||switch 3
|
|switch|p2a: Buzzwole|Buzzwole, L75|100\/100
|-damage|p2a: Buzzwole|88\/100|[from] Stealth Rock
|turn|25
|choice|move doubleedge|move superpower
|
|move|p1a: Tauros|Double-Edge|p2a: Buzzwole
|-damage|p2a: Buzzwole|7\/100
|-damage|p1a: Tauros|21\/100|[from] recoil|[of] p2a: Buzzwole
|-damage|p1a: Tauros|11\/100|[from] item: Life Orb
|move|p2a: Buzzwole|Superpower|p1a: Tauros
|-supereffective|p1a: Tauros
|-damage|p1a: Tauros|0 fnt
|-unboost|p2a: Buzzwole|atk|1
|-unboost|p2a: Buzzwole|def|1
|faint|p1a: Tauros
|-ability|p2a: Buzzwole|Beast Boost|boost
|-boost|p2a: Buzzwole|atk|1
|
|upkeep
|choice|switch 3|
|
|switch|p1a: Xatu|Xatu, L79, F|52\/100
|-damage|p1a: Xatu|27\/100|[from] Stealth Rock
|turn|26
|choice|move roost|move superpower
|
|move|p2a: Buzzwole|Superpower|p1a: Xatu
|-resisted|p1a: Xatu
|-damage|p1a: Xatu|9\/100
|-unboost|p2a: Buzzwole|atk|1
|-unboost|p2a: Buzzwole|def|1
|move|p1a: Xatu|Roost|p1a: Xatu
|-heal|p1a: Xatu|59\/100
|
|upkeep
|turn|27
|choice|move roost|move superpower
|
|move|p2a: Buzzwole|Superpower|p1a: Xatu
|-resisted|p1a: Xatu
|-damage|p1a: Xatu|47\/100
|-unboost|p2a: Buzzwole|atk|1
|-unboost|p2a: Buzzwole|def|1
|move|p1a: Xatu|Roost|p1a: Xatu
|-heal|p1a: Xatu|97\/100
|
|upkeep
|turn|28
|choice|move lightscreen|move superpower
|
|move|p2a: Buzzwole|Superpower|p1a: Xatu
|-resisted|p1a: Xatu
|-damage|p1a: Xatu|87\/100
|-unboost|p2a: Buzzwole|atk|1
|-unboost|p2a: Buzzwole|def|1
|move|p1a: Xatu|Light Screen|p1a: Xatu
|-sidestart|p1: Dlasmen|move: Light Screen
|
|upkeep
|turn|29
|choice|move psychic|move superpower
|
|move|p2a: Buzzwole|Superpower|p1a: Xatu
|-resisted|p1a: Xatu
|-damage|p1a: Xatu|79\/100
|-unboost|p2a: Buzzwole|atk|1
|-unboost|p2a: Buzzwole|def|1
|move|p1a: Xatu|Psychic|p2a: Buzzwole
|-supereffective|p2a: Buzzwole
|-damage|p2a: Buzzwole|0 fnt
|faint|p2a: Buzzwole
|
|upkeep
|choice||switch 6
|
|switch|p2a: Carnivine|Carnivine, L79, M|68\/100
|-damage|p2a: Carnivine|56\/100|[from] Stealth Rock
|turn|30
|choice|move heatwave|move sleeppowder zmove
|
|move|p1a: Xatu|Heat Wave|p2a: Carnivine
|-supereffective|p2a: Carnivine
|-damage|p2a: Carnivine|2\/100
|-status|p2a: Carnivine|brn
|-zpower|p2a: Carnivine
|move|p2a: Carnivine|Z-Sleep Powder|p1a: Xatu|[anim]Sleep Powder
|-boost|p2a: Carnivine|spe|1|[zeffect]
|move|p1a: Xatu|Sleep Powder|p2a: Carnivine|[from]Magic Bounce
|-immune|p2a: Carnivine|[msg]
|
|-damage|p2a: Carnivine|0 fnt|[from] brn
|upkeep
|faint|p2a: Carnivine
|choice||switch 5
|
|switch|p2a: Mienshao|Mienshao, L77, M|100\/100
|-damage|p2a: Mienshao|94\/100|[from] Stealth Rock
|turn|31
|choice|move psychic|move stoneedge
|
|move|p2a: Mienshao|Stone Edge|p1a: Xatu|[miss]
|-miss|p2a: Mienshao|p1a: Xatu
|move|p1a: Xatu|Psychic|p2a: Mienshao
|-supereffective|p2a: Mienshao
|-damage|p2a: Mienshao|0 fnt
|faint|p2a: Mienshao
|
|upkeep
|choice||switch 4
|
|switch|p2a: Clefable|Clefable, L77, M|95\/100
|turn|32
|choice|move psychic|move moonblast
|
|move|p1a: Xatu|Psychic|p2a: Clefable
|-damage|p2a: Clefable|64\/100
|move|p2a: Clefable|Moonblast|p1a: Xatu
|-damage|p1a: Xatu|52\/100
|
|upkeep
|turn|33
|choice|switch 4|move softboiled
|
|switch|p1a: Torterra|Torterra, L79, M|94\/100 tox
|-damage|p1a: Torterra|88\/100 tox|[from] Stealth Rock
|move|p2a: Clefable|Soft-Boiled|p2a: Clefable
|-heal|p2a: Clefable|100\/100
|
|-heal|p1a: Torterra|94\/100 tox|[from] item: Leftovers
|-damage|p1a: Torterra|88\/100 tox|[from] psn
|upkeep
|turn|34
|choice|move woodhammer|move fireblast
|
|move|p2a: Clefable|Fire Blast|p1a: Torterra
|-supereffective|p1a: Torterra
|-damage|p1a: Torterra|55\/100 tox
|move|p1a: Torterra|Wood Hammer|p2a: Clefable
|-damage|p2a: Clefable|43\/100
|-damage|p1a: Torterra|36\/100 tox|[from] recoil|[of] p2a: Clefable
|
|-heal|p1a: Torterra|42\/100 tox|[from] item: Leftovers
|-damage|p1a: Torterra|30\/100 tox|[from] psn
|upkeep
|turn|35
|choice|move woodhammer|move softboiled
|
|move|p2a: Clefable|Soft-Boiled|p2a: Clefable
|-heal|p2a: Clefable|93\/100
|move|p1a: Torterra|Wood Hammer|p2a: Clefable
|-damage|p2a: Clefable|13\/100
|-damage|p1a: Torterra|4\/100 tox|[from] recoil|[of] p2a: Clefable
|
|-heal|p1a: Torterra|10\/100 tox|[from] item: Leftovers
|-damage|p1a: Torterra|0 fnt|[from] psn
|-sideend|p1: Dlasmen|move: Light Screen
|upkeep
|faint|p1a: Torterra
|choice|switch 2|
|
|switch|p1a: Incineroar|Incineroar, L79, F|100\/100
|-damage|p1a: Incineroar|76\/100|[from] Stealth Rock
|-ability|p1a: Incineroar|Intimidate|boost
|-unboost|p2a: Clefable|atk|1
|turn|36
|choice|move flareblitz|move softboiled
|
|move|p1a: Incineroar|Flare Blitz|p2a: Clefable
|-damage|p2a: Clefable|0 fnt
|-damage|p1a: Incineroar|72\/100|[from] recoil|[of] p2a: Clefable
|faint|p2a: Clefable
|
|win|Dlasmen
|l|Sakachaire</script>
</div>
<div class="battle-log battle-log-inline"><div class="inner"><div class="chat"><small>Dlasmen joined.</small></div><div class="chat"><small>Sakachaire joined.</small></div><div style="padding:5px 0"><small>Format:</small> <br><strong>[Gen 7] Random Battle</strong></div><div><small><em>Sleep Clause Mod:</em> Limit one foe put to sleep</small></div><div><small><em>HP Percentage Mod:</em> HP is shown in percentages</small></div><div>Battle between Dlasmen and Sakachaire started!</div><div class="spacer"></div><div>Go! Scolipede!</div><div class="spacer"></div><div>Sakachaire sent out Steelix!</div><h2>Turn 1</h2><div class="spacer"></div><div><small>The opposing <span class="battle-nickname-foe" title="Steelix-Mega">Steelix</span>'s Steelixite is reacting to Sakachaire's Mega Bracelet!<br>The opposing <span class="battle-nickname-foe" title="Steelix-Mega">Steelix</span> has Mega Evolved into Mega Steelix!</small></div><div class="spacer"></div><div><span class="battle-nickname" title="Scolipede">Scolipede</span> used <strong>Substitute</strong>!</div><div><small><span class="battle-nickname" title="Scolipede">Scolipede</span> put in a substitute!</small></div><div><small><span class="battle-nickname" title="Scolipede">Scolipede</span> lost 24% of its health!</small><br></div><div class="spacer"></div><div>The opposing <span class="battle-nickname-foe" title="Steelix-Mega">Steelix</span> used <strong>Stealth Rock</strong>!</div><div><small>Pointed stones float in the air around your team!</small></div><div class="spacer"></div><div><small><span class="battle-nickname" title="Scolipede">Scolipede</span> restored a little HP using its Black Sludge!</small></div><div><small>[<span class="battle-nickname" title="Scolipede">Scolipede</span>'s Speed Boost!]</small></div><div><small><span class="battle-nickname" title="Scolipede">Scolipede</span>'s Speed rose! </small></div><h2>Turn 2</h2><div class="spacer"></div><div><span class="battle-nickname" title="Scolipede">Scolipede</span> used <strong>Megahorn</strong>!</div><div><small>The opposing <span class="battle-nickname-foe" title="Steelix-Mega">Steelix</span> avoided the attack!</small></div><div class="spacer"></div><div>The opposing <span class="battle-nickname-foe" title="Steelix-Mega">Steelix</span> used <strong>Roar</strong>!</div><div class="spacer"></div><div>Torterra was dragged out!</div><div><small>Pointed stones dug into <span class="battle-nickname" title="Torterra">Torterra</span>!</small></div><div class="spacer"></div><div><small><span class="battle-nickname" title="Torterra">Torterra</span> restored a little HP using its Leftovers!</small></div><h2>Turn 3</h2><div class="spacer"></div><div><span class="battle-nickname" title="Torterra">Torterra</span> used <strong>Stealth Rock</strong>!</div><div><small>Pointed stones float in the air around the opposing team!</small></div><div class="spacer"></div><div>The opposing <span class="battle-nickname-foe" title="Steelix-Mega">Steelix</span> used <strong>Toxic</strong>!</div><div><small><span class="battle-nickname" title="Torterra">Torterra</span> was badly poisoned!</small></div><div class="spacer"></div><div><small><span class="battle-nickname" title="Torterra">Torterra</span> was hurt by poison!</small></div><h2>Turn 4</h2><div class="spacer"></div><div><span class="battle-nickname" title="Torterra">Torterra</span> used <strong>Earthquake</strong>!</div><div><small>It's super effective! </small><small>The opposing <span class="battle-nickname-foe" title="Steelix-Mega">Steelix</span> lost 43% of its health!</small><br></div><div class="spacer"></div><div>The opposing <span class="battle-nickname-foe" title="Steelix-Mega">Steelix</span> used <strong>Roar</strong>!</div><div class="spacer"></div><div>Scolipede was dragged out!</div><div><small>Pointed stones dug into <span class="battle-nickname" title="Scolipede">Scolipede</span>!</small></div><div class="spacer"></div><div><small><span class="battle-nickname" title="Scolipede">Scolipede</span> restored a little HP using its Black Sludge!</small></div><h2>Turn 5</h2><div class="spacer"></div><div><span class="battle-nickname" title="Scolipede">Scolipede</span> used <strong>Megahorn</strong>!</div><div><small>It's not very effective... </small><small>The opposing <span class="battle-nickname-foe" title="Steelix-Mega">Steelix</span> lost 10% of its health!</small><br></div><div class="spacer"></div><div>The opposing <span class="battle-nickname-foe" title="Steelix-Mega">Steelix</span> used <strong>Roar</strong>!</div><div class="spacer"></div><div>Xatu was dragged out!</div><div><small>Pointed stones dug into <span class="battle-nickname" title="Xatu">Xatu</span>!</small></div><h2>Turn 6</h2><div class="spacer"></div><div><span class="battle-nickname" title="Xatu">Xatu</span> used <strong>Heat Wave</strong>!</div><div><small>It's super effective! </small><small>The opposing <span class="battle-nickname-foe" title="Steelix-Mega">Steelix</span> lost 46% of its health!</small><br></div><div class="spacer"></div><div>The opposing <span class="battle-nickname-foe" title="Steelix-Mega">Steelix</span> fainted!</div><div class="spacer"></div><div>Sakachaire sent out Clefable!</div><h2>Turn 7</h2><div class="spacer"></div><div><span class="battle-nickname" title="Xatu">Xatu</span> used <strong>Light Screen</strong>!</div><div><small>Light Screen made your team stronger against special moves!</small></div><div class="spacer"></div><div>The opposing <span class="battle-nickname-foe" title="Clefable">Clefable</span> used <strong>Thunder Wave</strong>!</div><div><small>[<span class="battle-nickname" title="Xatu">Xatu</span>'s Magic Bounce!]</small></div><div><span class="battle-nickname" title="Xatu">Xatu</span> bounced the Thunder Wave back!</div><div><small>The opposing <span class="battle-nickname-foe" title="Clefable">Clefable</span> avoided the attack!</small></div><h2>Turn 8</h2><div class="spacer"></div><div><span class="battle-nickname" title="Xatu">Xatu</span> used <strong>Psychic</strong>!</div><div><small>The opposing <span class="battle-nickname-foe" title="Clefable">Clefable</span> lost 35% of its health!</small><br></div><div class="spacer"></div><div>The opposing <span class="battle-nickname-foe" title="Clefable">Clefable</span> used <strong>Moonblast</strong>!</div><div><small><span class="battle-nickname" title="Xatu">Xatu</span> lost 30% of its health!</small><br></div><h2>Turn 9</h2><div class="spacer"></div><div><span class="battle-nickname" title="Xatu">Xatu</span> used <strong>Roost</strong>!</div><div><small><span class="battle-nickname" title="Xatu">Xatu</span> restored its HP.</small></div><div class="spacer"></div><div>The opposing <span class="battle-nickname-foe" title="Clefable">Clefable</span> used <strong>Moonblast</strong>!</div><div><small><span class="battle-nickname" title="Xatu">Xatu</span> lost 28% of its health!</small><br></div><h2>Turn 10</h2><div class="spacer"></div><div><span class="battle-nickname" title="Xatu">Xatu</span> used <strong>Psychic</strong>!</div><div><small>The opposing <span class="battle-nickname-foe" title="Clefable">Clefable</span> lost 34% of its health!</small><br></div><div class="spacer"></div><div>The opposing <span class="battle-nickname-foe" title="Clefable">Clefable</span> used <strong>Soft-Boiled</strong>!</div><div><small>The opposing <span class="battle-nickname-foe" title="Clefable">Clefable</span> restored its HP.</small></div><h2>Turn 11</h2><div class="spacer"></div><div><span class="battle-nickname" title="Xatu">Xatu</span> used <strong>Psychic</strong>!</div><div><small>The opposing <span class="battle-nickname-foe" title="Clefable">Clefable</span> lost 34% of its health!</small><br></div><div class="spacer"></div><div>The opposing <span class="battle-nickname-foe" title="Clefable">Clefable</span> used <strong>Moonblast</strong>!</div><div><small><span class="battle-nickname" title="Xatu">Xatu</span> lost 30% of its health!</small><br></div><h2>Turn 12</h2><div class="spacer"></div><div><span class="battle-nickname" title="Xatu">Xatu</span> used <strong>Psychic</strong>!</div><div><small>The opposing <span class="battle-nickname-foe" title="Clefable">Clefable</span> lost 34% of its health!</small><br></div><div class="spacer"></div><div>The opposing <span class="battle-nickname-foe" title="Clefable">Clefable</span> used <strong>Soft-Boiled</strong>!</div><div><small>The opposing <span class="battle-nickname-foe" title="Clefable">Clefable</span> restored its HP.</small></div><h2>Turn 13</h2><div class="spacer"></div><div><span class="battle-nickname" title="Xatu">Xatu</span> used <strong>Psychic</strong>!</div><div><small>The opposing <span class="battle-nickname-foe" title="Clefable">Clefable</span> lost 34% of its health!</small><br></div><div class="spacer"></div><div>The opposing <span class="battle-nickname-foe" title="Clefable">Clefable</span> used <strong>Soft-Boiled</strong>!</div><div><small>The opposing <span class="battle-nickname-foe" title="Clefable">Clefable</span> restored its HP.</small></div><h2>Turn 14</h2><div class="spacer"></div><div><span class="battle-nickname" title="Xatu">Xatu</span> used <strong>Psychic</strong>!</div><div><small>The opposing <span class="battle-nickname-foe" title="Clefable">Clefable</span> lost 36% of its health!</small><br></div><div class="spacer"></div><div>The opposing <span class="battle-nickname-foe" title="Clefable">Clefable</span> used <strong>Soft-Boiled</strong>!</div><div><small>The opposing <span class="battle-nickname-foe" title="Clefable">Clefable</span> restored its HP.</small></div><div class="spacer"></div><div><small>Your team's Light Screen wore off!</small></div><h2>Turn 15</h2><div class="spacer"></div><div><span class="battle-nickname" title="Xatu">Xatu</span> used <strong>Roost</strong>!</div><div><small><span class="battle-nickname" title="Xatu">Xatu</span> restored its HP.</small></div><div class="spacer"></div><div>The opposing <span class="battle-nickname-foe" title="Clefable">Clefable</span> used <strong>Moonblast</strong>!</div><div><small><span class="battle-nickname" title="Xatu">Xatu</span> lost 58% of its health!</small><br></div><h2>Turn 16</h2><div class="spacer"></div><div><span class="battle-nickname" title="Xatu">Xatu</span> used <strong>Light Screen</strong>!</div><div><small>Light Screen made your team stronger against special moves!</small></div><div class="spacer"></div><div>The opposing <span class="battle-nickname-foe" title="Clefable">Clefable</span> used <strong>Moonblast</strong>!</div><div><small><span class="battle-nickname" title="Xatu">Xatu</span> lost 29% of its health!</small><br></div><h2>Turn 17</h2><div class="spacer"></div><div>Sakachaire withdrew Clefable!</div><div class="spacer"></div><div>Sakachaire sent out <span class="battle-nickname-foe" title="Arceus-Rock">Arceus <small>(Arceus-Rock)</small></span>!</div><div><small>Pointed stones dug into the opposing <span class="battle-nickname-foe" title="Arceus-Rock">Arceus</span>!</small></div><div class="spacer"></div><div><span class="battle-nickname" title="Xatu">Xatu</span> used <strong>Roost</strong>!</div><div><small><span class="battle-nickname" title="Xatu">Xatu</span> restored its HP.</small></div><h2>Turn 18</h2><div class="spacer"></div><div><span class="battle-nickname" title="Xatu">Xatu</span>, come back!</div><div class="spacer"></div><div>Go! Slowbro!</div><div><small>Pointed stones dug into <span class="battle-nickname" title="Slowbro">Slowbro</span>!</small></div><div class="spacer"></div><div>The opposing <span class="battle-nickname-foe" title="Arceus-Rock">Arceus</span> used <strong>Stone Edge</strong>!</div><div><small><span class="battle-nickname" title="Slowbro">Slowbro</span> lost 39% of its health!</small><br></div><h2>Turn 19</h2><div class="spacer"></div><div>Sakachaire withdrew <span class="battle-nickname-foe" title="Arceus-Rock">Arceus <small>(Arceus-Rock)</small></span>!</div><div class="spacer"></div><div>Sakachaire sent out Carnivine!</div><div><small>Pointed stones dug into the opposing <span class="battle-nickname-foe" title="Carnivine">Carnivine</span>!</small></div><div class="spacer"></div><div><small><span class="battle-nickname" title="Slowbro-Mega">Slowbro</span>'s Slowbronite is reacting to Dlasmen's Mega Bracelet!<br><span class="battle-nickname" title="Slowbro-Mega">Slowbro</span> has Mega Evolved into Mega Slowbro!</small></div><div class="spacer"></div><div><span class="battle-nickname" title="Slowbro-Mega">Slowbro</span> used <strong>Scald</strong>!</div><div><small>It's not very effective... </small><small>The opposing <span class="battle-nickname-foe" title="Carnivine">Carnivine</span> lost 20% of its health!</small><br></div><h2>Turn 20</h2><div class="spacer"></div><div>The opposing <span class="battle-nickname-foe" title="Carnivine">Carnivine</span> used <strong>Power Whip</strong>!</div><div><small>It's super effective! </small><small><span class="battle-nickname" title="Slowbro-Mega">Slowbro</span> lost 49% of its health!</small><br></div><div class="spacer"></div><div><span class="battle-nickname" title="Slowbro-Mega">Slowbro</span> fainted!</div><div class="spacer"></div><div>Go! Scolipede!</div><div><small>Pointed stones dug into <span class="battle-nickname" title="Scolipede">Scolipede</span>!</small></div><h2>Turn 21</h2><div class="spacer"></div><div>Sakachaire withdrew Carnivine!</div><div class="spacer"></div><div>Sakachaire sent out <span class="battle-nickname-foe" title="Arceus-Rock">Arceus <small>(Arceus-Rock)</small></span>!</div><div><small>Pointed stones dug into the opposing <span class="battle-nickname-foe" title="Arceus-Rock">Arceus</span>!</small></div><div class="spacer"></div><div><span class="battle-nickname" title="Scolipede">Scolipede</span> used <strong>Substitute</strong>!</div><div><small><span class="battle-nickname" title="Scolipede">Scolipede</span> put in a substitute!</small></div><div><small><span class="battle-nickname" title="Scolipede">Scolipede</span> lost 24% of its health!</small><br></div><div class="spacer"></div><div><small><span class="battle-nickname" title="Scolipede">Scolipede</span> restored a little HP using its Black Sludge!</small></div><div><small>[<span class="battle-nickname" title="Scolipede">Scolipede</span>'s Speed Boost!]</small></div><div><small><span class="battle-nickname" title="Scolipede">Scolipede</span>'s Speed rose! </small></div><h2>Turn 22</h2><div class="spacer"></div><div><span class="battle-nickname" title="Scolipede">Scolipede</span> used <strong>Swords Dance</strong>!</div><div><small><span class="battle-nickname" title="Scolipede">Scolipede</span>'s Attack rose sharply! </small></div><div class="spacer"></div><div>The opposing <span class="battle-nickname-foe" title="Arceus-Rock">Arceus</span> used <strong>Earthquake</strong>!</div><div><small><span class="battle-nickname" title="Scolipede">Scolipede</span>'s substitute faded!</small></div><div class="spacer"></div><div><small><span class="battle-nickname" title="Scolipede">Scolipede</span> restored a little HP using its Black Sludge!</small></div><div><small>[<span class="battle-nickname" title="Scolipede">Scolipede</span>'s Speed Boost!]</small></div><div><small><span class="battle-nickname" title="Scolipede">Scolipede</span>'s Speed rose! </small></div><h2>Turn 23</h2><div class="spacer"></div><div><span class="battle-nickname" title="Scolipede">Scolipede</span> used <strong>Baton Pass</strong>!</div><div class="spacer"></div><div>Go! Tauros!</div><div><small>Pointed stones dug into <span class="battle-nickname" title="Tauros">Tauros</span>!</small></div><div class="spacer"></div><div>The opposing <span class="battle-nickname-foe" title="Arceus-Rock">Arceus</span> used <strong>Earthquake</strong>!</div><div><small><span class="battle-nickname" title="Tauros">Tauros</span> lost 27% of its health!</small><br></div><div class="spacer"></div><div><small>Your team's Light Screen wore off!</small></div><h2>Turn 24</h2><div class="spacer"></div><div><span class="battle-nickname" title="Tauros">Tauros</span> used <strong>Earthquake</strong>!</div><div><small>It's super effective! </small><small>The opposing <span class="battle-nickname-foe" title="Arceus-Rock">Arceus</span> lost 75% of its health!</small><br></div><div><small><span class="battle-nickname" title="Tauros">Tauros</span> lost some of its HP!</small></div><div class="spacer"></div><div>The opposing <span class="battle-nickname-foe" title="Arceus-Rock">Arceus</span> fainted!</div><div class="spacer"></div><div>Sakachaire sent out Buzzwole!</div><div><small>Pointed stones dug into the opposing <span class="battle-nickname-foe" title="Buzzwole">Buzzwole</span>!</small></div><h2>Turn 25</h2><div class="spacer"></div><div><span class="battle-nickname" title="Tauros">Tauros</span> used <strong>Double-Edge</strong>!</div><div><small>The opposing <span class="battle-nickname-foe" title="Buzzwole">Buzzwole</span> lost 81% of its health!</small><br></div><div><small><span class="battle-nickname" title="Tauros">Tauros</span> is damaged by the recoil!</small></div><div><small><span class="battle-nickname" title="Tauros">Tauros</span> lost some of its HP!</small></div><div class="spacer"></div><div>The opposing <span class="battle-nickname-foe" title="Buzzwole">Buzzwole</span> used <strong>Superpower</strong>!</div><div><small>It's super effective! </small><small><span class="battle-nickname" title="Tauros">Tauros</span> lost 11% of its health!</small><br></div><div><small>The opposing <span class="battle-nickname-foe" title="Buzzwole">Buzzwole</span>'s Attack fell! The opposing <span class="battle-nickname-foe" title="Buzzwole">Buzzwole</span>'s Defense fell! </small></div><div class="spacer"></div><div><span class="battle-nickname" title="Tauros">Tauros</span> fainted!</div><div><small>[Opposing <span class="battle-nickname-foe" title="Buzzwole">Buzzwole</span>'s Beast Boost!]</small></div><div><small>The opposing <span class="battle-nickname-foe" title="Buzzwole">Buzzwole</span>'s Attack rose! </small></div><div class="spacer"></div><div>Go! Xatu!</div><div><small>Pointed stones dug into <span class="battle-nickname" title="Xatu">Xatu</span>!</small></div><h2>Turn 26</h2><div class="spacer"></div><div>The opposing <span class="battle-nickname-foe" title="Buzzwole">Buzzwole</span> used <strong>Superpower</strong>!</div><div><small>It's not very effective... </small><small><span class="battle-nickname" title="Xatu">Xatu</span> lost 18% of its health!</small><br></div><div><small>The opposing <span class="battle-nickname-foe" title="Buzzwole">Buzzwole</span>'s Attack fell! The opposing <span class="battle-nickname-foe" title="Buzzwole">Buzzwole</span>'s Defense fell! </small></div><div class="spacer"></div><div><span class="battle-nickname" title="Xatu">Xatu</span> used <strong>Roost</strong>!</div><div><small><span class="battle-nickname" title="Xatu">Xatu</span> restored its HP.</small></div><h2>Turn 27</h2><div class="spacer"></div><div>The opposing <span class="battle-nickname-foe" title="Buzzwole">Buzzwole</span> used <strong>Superpower</strong>!</div><div><small>It's not very effective... </small><small><span class="battle-nickname" title="Xatu">Xatu</span> lost 12% of its health!</small><br></div><div><small>The opposing <span class="battle-nickname-foe" title="Buzzwole">Buzzwole</span>'s Attack fell! The opposing <span class="battle-nickname-foe" title="Buzzwole">Buzzwole</span>'s Defense fell! </small></div><div class="spacer"></div><div><span class="battle-nickname" title="Xatu">Xatu</span> used <strong>Roost</strong>!</div><div><small><span class="battle-nickname" title="Xatu">Xatu</span> restored its HP.</small></div><h2>Turn 28</h2><div class="spacer"></div><div>The opposing <span class="battle-nickname-foe" title="Buzzwole">Buzzwole</span> used <strong>Superpower</strong>!</div><div><small>It's not very effective... </small><small><span class="battle-nickname" title="Xatu">Xatu</span> lost 10% of its health!</small><br></div><div><small>The opposing <span class="battle-nickname-foe" title="Buzzwole">Buzzwole</span>'s Attack fell! The opposing <span class="battle-nickname-foe" title="Buzzwole">Buzzwole</span>'s Defense fell! </small></div><div class="spacer"></div><div><span class="battle-nickname" title="Xatu">Xatu</span> used <strong>Light Screen</strong>!</div><div><small>Light Screen made your team stronger against special moves!</small></div><h2>Turn 29</h2><div class="spacer"></div><div>The opposing <span class="battle-nickname-foe" title="Buzzwole">Buzzwole</span> used <strong>Superpower</strong>!</div><div><small>It's not very effective... </small><small><span class="battle-nickname" title="Xatu">Xatu</span> lost 8% of its health!</small><br></div><div><small>The opposing <span class="battle-nickname-foe" title="Buzzwole">Buzzwole</span>'s Attack fell! The opposing <span class="battle-nickname-foe" title="Buzzwole">Buzzwole</span>'s Defense fell! </small></div><div class="spacer"></div><div><span class="battle-nickname" title="Xatu">Xatu</span> used <strong>Psychic</strong>!</div><div><small>It's super effective! </small><small>The opposing <span class="battle-nickname-foe" title="Buzzwole">Buzzwole</span> lost 7% of its health!</small><br></div><div class="spacer"></div><div>The opposing <span class="battle-nickname-foe" title="Buzzwole">Buzzwole</span> fainted!</div><div class="spacer"></div><div>Sakachaire sent out Carnivine!</div><div><small>Pointed stones dug into the opposing <span class="battle-nickname-foe" title="Carnivine">Carnivine</span>!</small></div><h2>Turn 30</h2><div class="spacer"></div><div><span class="battle-nickname" title="Xatu">Xatu</span> used <strong>Heat Wave</strong>!</div><div><small>It's super effective! </small><small>The opposing <span class="battle-nickname-foe" title="Carnivine">Carnivine</span> lost 54% of its health!</small><br></div><div><small>The opposing <span class="battle-nickname-foe" title="Carnivine">Carnivine</span> was burned!</small></div><div><small>The opposing <span class="battle-nickname-foe" title="Carnivine">Carnivine</span> surrounded itself with its Z-Power! </small></div><div class="spacer"></div><div>The opposing <span class="battle-nickname-foe" title="Carnivine">Carnivine</span> used <strong>Z-Sleep Powder</strong>!</div><div><small>The opposing <span class="battle-nickname-foe" title="Carnivine">Carnivine</span> boosted its Speed using its Z-Power! </small></div><div><small>[<span class="battle-nickname" title="Xatu">Xatu</span>'s Magic Bounce!]</small></div><div><span class="battle-nickname" title="Xatu">Xatu</span> bounced the Sleep Powder back!</div><div><small>It doesn't affect the opposing <span class="battle-nickname-foe" title="Carnivine">Carnivine</span>... </small></div><div class="spacer"></div><div><small>The opposing <span class="battle-nickname-foe" title="Carnivine">Carnivine</span> was hurt by its burn!</small></div><div class="spacer"></div><div>The opposing <span class="battle-nickname-foe" title="Carnivine">Carnivine</span> fainted!</div><div class="spacer"></div><div>Sakachaire sent out Mienshao!</div><div><small>Pointed stones dug into the opposing <span class="battle-nickname-foe" title="Mienshao">Mienshao</span>!</small></div><h2>Turn 31</h2><div class="spacer"></div><div>The opposing <span class="battle-nickname-foe" title="Mienshao">Mienshao</span> used <strong>Stone Edge</strong>!</div><div><small><span class="battle-nickname" title="Xatu">Xatu</span> avoided the attack!</small></div><div class="spacer"></div><div><span class="battle-nickname" title="Xatu">Xatu</span> used <strong>Psychic</strong>!</div><div><small>It's super effective! </small><small>The opposing <span class="battle-nickname-foe" title="Mienshao">Mienshao</span> lost 94% of its health!</small><br></div><div class="spacer"></div><div>The opposing <span class="battle-nickname-foe" title="Mienshao">Mienshao</span> fainted!</div><div class="spacer"></div><div>Sakachaire sent out Clefable!</div><h2>Turn 32</h2><div class="spacer"></div><div><span class="battle-nickname" title="Xatu">Xatu</span> used <strong>Psychic</strong>!</div><div><small>The opposing <span class="battle-nickname-foe" title="Clefable">Clefable</span> lost 31% of its health!</small><br></div><div class="spacer"></div><div>The opposing <span class="battle-nickname-foe" title="Clefable">Clefable</span> used <strong>Moonblast</strong>!</div><div><small><span class="battle-nickname" title="Xatu">Xatu</span> lost 27% of its health!</small><br></div><h2>Turn 33</h2><div class="spacer"></div><div><span class="battle-nickname" title="Xatu">Xatu</span>, come back!</div><div class="spacer"></div><div>Go! Torterra!</div><div><small>Pointed stones dug into <span class="battle-nickname" title="Torterra">Torterra</span>!</small></div><div class="spacer"></div><div>The opposing <span class="battle-nickname-foe" title="Clefable">Clefable</span> used <strong>Soft-Boiled</strong>!</div><div><small>The opposing <span class="battle-nickname-foe" title="Clefable">Clefable</span> restored its HP.</small></div><div class="spacer"></div><div><small><span class="battle-nickname" title="Torterra">Torterra</span> restored a little HP using its Leftovers!</small></div><div><small><span class="battle-nickname" title="Torterra">Torterra</span> was hurt by poison!</small></div><h2>Turn 34</h2><div class="spacer"></div><div>The opposing <span class="battle-nickname-foe" title="Clefable">Clefable</span> used <strong>Fire Blast</strong>!</div><div><small>It's super effective! </small><small><span class="battle-nickname" title="Torterra">Torterra</span> lost 33% of its health!</small><br></div><div class="spacer"></div><div><span class="battle-nickname" title="Torterra">Torterra</span> used <strong>Wood Hammer</strong>!</div><div><small>The opposing <span class="battle-nickname-foe" title="Clefable">Clefable</span> lost 57% of its health!</small><br></div><div><small><span class="battle-nickname" title="Torterra">Torterra</span> is damaged by the recoil!</small></div><div class="spacer"></div><div><small><span class="battle-nickname" title="Torterra">Torterra</span> restored a little HP using its Leftovers!</small></div><div><small><span class="battle-nickname" title="Torterra">Torterra</span> was hurt by poison!</small></div><h2>Turn 35</h2><div class="spacer"></div><div>The opposing <span class="battle-nickname-foe" title="Clefable">Clefable</span> used <strong>Soft-Boiled</strong>!</div><div><small>The opposing <span class="battle-nickname-foe" title="Clefable">Clefable</span> restored its HP.</small></div><div class="spacer"></div><div><span class="battle-nickname" title="Torterra">Torterra</span> used <strong>Wood Hammer</strong>!</div><div><small>The opposing <span class="battle-nickname-foe" title="Clefable">Clefable</span> lost 80% of its health!</small><br></div><div><small><span class="battle-nickname" title="Torterra">Torterra</span> is damaged by the recoil!</small></div><div class="spacer"></div><div><small><span class="battle-nickname" title="Torterra">Torterra</span> restored a little HP using its Leftovers!</small></div><div><small><span class="battle-nickname" title="Torterra">Torterra</span> was hurt by poison!</small></div><div><small>Your team's Light Screen wore off!</small></div><div class="spacer"></div><div><span class="battle-nickname" title="Torterra">Torterra</span> fainted!</div><div class="spacer"></div><div>Go! Incineroar!</div><div><small>Pointed stones dug into <span class="battle-nickname" title="Incineroar">Incineroar</span>!</small></div><div><small>[<span class="battle-nickname" title="Incineroar">Incineroar</span>'s Intimidate!]</small></div><div><small>The opposing <span class="battle-nickname-foe" title="Clefable">Clefable</span>'s Attack fell! </small></div><h2>Turn 36</h2><div class="spacer"></div><div><span class="battle-nickname" title="Incineroar">Incineroar</span> used <strong>Flare Blitz</strong>!</div><div><small>The opposing <span class="battle-nickname-foe" title="Clefable">Clefable</span> lost 13% of its health!</small><br></div><div><small><span class="battle-nickname" title="Incineroar">Incineroar</span> is damaged by the recoil!</small></div><div class="spacer"></div><div>The opposing <span class="battle-nickname-foe" title="Clefable">Clefable</span> fainted!</div><div class="spacer"></div><div>Dlasmen won the battle!</div><div class="chat"><small>Sakachaire left.</small></div></div></div>
</div>
<script>
var daily = Math.floor(Date.now()/1000/60/60/24);document.write('<script src="https://play.pokemonshowdown.com/js/replay-embed.js?version'+daily+'"></'+'script>');
</script>
