<!DOCTYPE html>
<meta charset="utf-8" />
<!-- version 1 -->
<title>[Gen 7] Random Battle replay: cocomonkey0737 vs. DR2</title>
<style>
html,body {font-family:Verdana, sans-serif;font-size:10pt;margin:0;padding:0;}body{padding:12px 0;} .battle-log {font-family:Verdana, sans-serif;font-size:10pt;} .battle-log-inline {border:1px solid #AAAAAA;background:#EEF2F5;color:black;max-width:640px;margin:0 auto 80px;padding-bottom:5px;} .battle-log .inner {padding:4px 8px 0px 8px;} .battle-log .inner-preempt {padding:0 8px 4px 8px;} .battle-log .inner-after {margin-top:0.5em;} .battle-log h2 {margin:0.5em -8px;padding:4px 8px;border:1px solid #AAAAAA;background:#E0E7EA;border-left:0;border-right:0;font-family:Verdana, sans-serif;font-size:13pt;} .battle-log .chat {vertical-align:middle;padding:3px 0 3px 0;font-size:8pt;} .battle-log .chat strong {color:#40576A;} .battle-log .chat em {padding:1px 4px 1px 3px;color:#000000;font-style:normal;} .chat.mine {background:rgba(0,0,0,0.05);margin-left:-8px;margin-right:-8px;padding-left:8px;padding-right:8px;} .spoiler {color:#BBBBBB;background:#BBBBBB;padding:0px 3px;} .spoiler:hover, .spoiler:active, .spoiler-shown {color:#000000;background:#E2E2E2;padding:0px 3px;} .spoiler a {color:#BBBBBB;} .spoiler:hover a, .spoiler:active a, .spoiler-shown a {color:#2288CC;} .chat code, .chat .spoiler:hover code, .chat .spoiler:active code, .chat .spoiler-shown code {border:1px solid #C0C0C0;background:#EEEEEE;color:black;padding:0 2px;} .chat .spoiler code {border:1px solid #CCCCCC;background:#CCCCCC;color:#CCCCCC;} .battle-log .rated {padding:3px 4px;} .battle-log .rated strong {color:white;background:#89A;padding:1px 4px;border-radius:4px;} .spacer {margin-top:0.5em;} .message-announce {background:#6688AA;color:white;padding:1px 4px 2px;} .message-announce a, .broadcast-green a, .broadcast-blue a, .broadcast-red a {color:#DDEEFF;} .broadcast-green {background-color:#559955;color:white;padding:2px 4px;} .broadcast-blue {background-color:#6688AA;color:white;padding:2px 4px;} .infobox {border:1px solid #6688AA;padding:2px 4px;} .infobox-limited {max-height:200px;overflow:auto;overflow-x:hidden;} .broadcast-red {background-color:#AA5544;color:white;padding:2px 4px;} .message-learn-canlearn {font-weight:bold;color:#228822;text-decoration:underline;} .message-learn-cannotlearn {font-weight:bold;color:#CC2222;text-decoration:underline;} .message-effect-weak {font-weight:bold;color:#CC2222;} .message-effect-resist {font-weight:bold;color:#6688AA;} .message-effect-immune {font-weight:bold;color:#666666;} .message-learn-list {margin-top:0;margin-bottom:0;} .message-throttle-notice, .message-error {color:#992222;} .message-overflow, .chat small.message-overflow {font-size:0pt;} .message-overflow::before {font-size:9pt;content:'...';} .subtle {color:#3A4A66;}
</style>
<div class="wrapper replay-wrapper" style="max-width:1180px;margin:0 auto">
<input type="hidden" name="replayid" value="gen7randombattle-566916098" />
<div class="battle"></div><div class="battle-log"></div><div class="replay-controls"></div><div class="replay-controls-2"></div>
<h1 style="font-weight:normal;text-align:center"><strong>[Gen 7] Random Battle</strong><br /><a href="http://pokemonshowdown.com/users/cocomonkey0737" class="subtle" target="_blank">cocomonkey0737</a> vs. <a href="http://pokemonshowdown.com/users/dr2" class="subtle" target="_blank">DR2</a></h1>
<script type="text/plain" class="battle-log-data">|j|cocomonkey0737
|j|DR2
|player|p1|cocomonkey0737|221
|player|p2|DR2|195
|gametype|singles
|gen|7
|tier|[Gen 7] Random Battle
|rated
|seed|31910,46628,55392,52745,32074,33165,10558,27451,64690,61358,26247,8606
|rule|Sleep Clause Mod: Limit one foe put to sleep
|rule|HP Percentage Mod: HP is shown in percentages
|
|start
|switch|p1a: Rotom|Rotom-Fan, L79|100\/100
|switch|p2a: Cresselia|Cresselia, L79, F|100\/100
|-item|p1a: Rotom|Air Balloon
|turn|1
|choice|switch 2|move toxic
|
|switch|p1a: Kricketune|Kricketune, L79, F|100\/100
|move|p2a: Cresselia|Toxic|p1a: Kricketune|[miss]
|-miss|p2a: Cresselia|p1a: Kricketune
|
|upkeep
|turn|2
|choice|move taunt|switch 3
|
|switch|p2a: Dugtrio|Dugtrio, L75, M|100\/100
|move|p1a: Kricketune|Taunt|p2a: Dugtrio
|-start|p2a: Dugtrio|move: Taunt
|
|upkeep
|turn|3
|choice|move stickyweb|switch 5
|
|switch|p2a: Barbaracle|Barbaracle, L79, F|100\/100
|move|p1a: Kricketune|Sticky Web|p2a: Barbaracle
|-sidestart|p2: DR2|move: Sticky Web
|
|upkeep
|turn|4
|choice|move taunt|move shellsmash
|
|move|p2a: Barbaracle|Shell Smash|p2a: Barbaracle
|-unboost|p2a: Barbaracle|def|1
|-unboost|p2a: Barbaracle|spd|1
|-boost|p2a: Barbaracle|atk|2
|-boost|p2a: Barbaracle|spa|2
|-boost|p2a: Barbaracle|spe|2
|-enditem|p2a: Barbaracle|White Herb
|-clearnegativeboost|p2a: Barbaracle|[silent]
|move|p1a: Kricketune|Taunt|p2a: Barbaracle
|-start|p2a: Barbaracle|move: Taunt
|
|upkeep
|turn|5
|inactive|Battle timer is ON: inactive players will automatically lose when time's up. (requested by DR2)
|choice|move leechlife|move razorshell
|
|move|p2a: Barbaracle|Razor Shell|p1a: Kricketune|[miss]
|-miss|p2a: Barbaracle|p1a: Kricketune
|move|p1a: Kricketune|Leech Life|p2a: Barbaracle
|-damage|p2a: Barbaracle|77\/100
|
|upkeep
|turn|6
|choice|move leechlife|move razorshell
|
|move|p2a: Barbaracle|Razor Shell|p1a: Kricketune|[miss]
|-miss|p2a: Barbaracle|p1a: Kricketune
|move|p1a: Kricketune|Leech Life|p2a: Barbaracle
|-damage|p2a: Barbaracle|50\/100
|
|upkeep
|turn|7
|c|☆DR2|kkkkkkkkkkkkkkkkkk
|choice|move leechlife|move razorshell
|
|move|p2a: Barbaracle|Razor Shell|p1a: Kricketune
|-damage|p1a: Kricketune|0 fnt
|faint|p1a: Kricketune
|
|-end|p2a: Barbaracle|move: Taunt
|upkeep
|c|☆cocomonkey0737|LOL
|choice|switch 2|
|
|switch|p1a: Rotom|Rotom-Fan, L79|100\/100
|-item|p1a: Rotom|Air Balloon
|turn|8
|choice|move thunderbolt|move stoneedge
|
|move|p2a: Barbaracle|Stone Edge|p1a: Rotom
|-supereffective|p1a: Rotom
|-crit|p1a: Rotom
|-damage|p1a: Rotom|0 fnt
|-enditem|p1a: Rotom|Air Balloon
|faint|p1a: Rotom
|
|upkeep
|c|☆DR2|miss again
|c|☆DR2|wow
|choice|switch 4|
|
|switch|p1a: Lurantis|Lurantis, L79, F|100\/100
|turn|9
|choice|move gigadrain|move stoneedge
|
|move|p2a: Barbaracle|Stone Edge|p1a: Lurantis
|-damage|p1a: Lurantis|16\/100
|move|p1a: Lurantis|Giga Drain|p2a: Barbaracle
|-supereffective|p2a: Barbaracle
|-crit|p2a: Barbaracle
|-damage|p2a: Barbaracle|0 fnt
|-heal|p1a: Lurantis|42\/100|[from] drain|[of] p2a: Barbaracle
|-damage|p1a: Lurantis|32\/100|[from] item: Life Orb
|faint|p2a: Barbaracle
|
|upkeep
|choice||switch 4
|
|switch|p2a: Scyther|Scyther, L79, F|100\/100
|turn|10
|choice|move hiddenpower|move aerialace
|
|move|p2a: Scyther|Aerial Ace|p1a: Lurantis
|-supereffective|p1a: Lurantis
|-damage|p1a: Lurantis|0 fnt
|faint|p1a: Lurantis
|
|upkeep
|choice|switch 5|
|
|switch|p1a: Emboar|Emboar, L79, M|100\/100
|turn|11
|choice|move flareblitz|move aerialace
|
|move|p2a: Scyther|Aerial Ace|p1a: Emboar
|-supereffective|p1a: Emboar
|-damage|p1a: Emboar|19\/100
|move|p1a: Emboar|Flare Blitz|p2a: Scyther
|-supereffective|p2a: Scyther
|-damage|p2a: Scyther|0 fnt
|-damage|p1a: Emboar|0 fnt|[from] recoil|[of] p2a: Scyther
|faint|p2a: Scyther
|faint|p1a: Emboar
|
|upkeep
|choice|switch 6|switch 5
|
|switch|p2a: Dugtrio|Dugtrio, L75, M|100\/100
|switch|p1a: Jumpluff|Jumpluff, L79, M|100\/100
|-activate|p2a: Dugtrio|move: Sticky Web
|-unboost|p2a: Dugtrio|spe|1
|turn|12
|choice|move leechseed|move substitute
|
|move|p1a: Jumpluff|Leech Seed|p2a: Dugtrio
|-start|p2a: Dugtrio|move: Leech Seed
|move|p2a: Dugtrio|Substitute|p2a: Dugtrio
|-start|p2a: Dugtrio|Substitute
|-damage|p2a: Dugtrio|75\/100
|
|-heal|p2a: Dugtrio|82\/100|[from] item: Leftovers
|-damage|p2a: Dugtrio|69\/100|[from] Leech Seed|[of] p1a: Jumpluff
|upkeep
|turn|13
|choice|move encore|move stealthrock
|
|move|p1a: Jumpluff|Encore|p2a: Dugtrio
|-start|p2a: Dugtrio|Encore
|move|p2a: Dugtrio|Substitute|p2a: Dugtrio
|-fail|p2a: Dugtrio|move: Substitute
|
|-heal|p2a: Dugtrio|75\/100|[from] item: Leftovers
|-damage|p2a: Dugtrio|63\/100|[from] Leech Seed|[of] p1a: Jumpluff
|upkeep
|turn|14
|choice|move leechseed|move substitute
|
|move|p1a: Jumpluff|Leech Seed|p2a: Dugtrio
|-fail|p2a: Dugtrio
|move|p2a: Dugtrio|Substitute|p2a: Dugtrio
|-fail|p2a: Dugtrio|move: Substitute
|
|-heal|p2a: Dugtrio|69\/100|[from] item: Leftovers
|-damage|p2a: Dugtrio|57\/100|[from] Leech Seed|[of] p1a: Jumpluff
|upkeep
|turn|15
|choice|move seedbomb|move substitute
|
|move|p1a: Jumpluff|Seed Bomb|p2a: Dugtrio
|-supereffective|p2a: Dugtrio
|-damage|p2a: Dugtrio|0 fnt
|faint|p2a: Dugtrio
|
|upkeep
|choice||switch 2
|
|switch|p2a: Furret|Furret, L79, F|100\/100
|-activate|p2a: Furret|move: Sticky Web
|-unboost|p2a: Furret|spe|1
|turn|16
|choice|move leechseed|move doubleedge
|
|move|p1a: Jumpluff|Leech Seed|p2a: Furret
|-start|p2a: Furret|move: Leech Seed
|move|p2a: Furret|Double-Edge|p1a: Jumpluff
|-damage|p1a: Jumpluff|31\/100
|-damage|p2a: Furret|79\/100|[from] recoil|[of] p1a: Jumpluff
|
|-damage|p2a: Furret|66\/100|[from] Leech Seed|[of] p1a: Jumpluff
|-heal|p1a: Jumpluff|44\/100|[silent]
|upkeep
|turn|17
|choice|move seedbomb|move doubleedge
|
|move|p1a: Jumpluff|Seed Bomb|p2a: Furret
|-damage|p2a: Furret|42\/100
|move|p2a: Furret|Double-Edge|p1a: Jumpluff
|-damage|p1a: Jumpluff|0 fnt
|-damage|p2a: Furret|29\/100|[from] recoil|[of] p1a: Jumpluff
|faint|p1a: Jumpluff
|
|upkeep
|choice|switch 3|
|
|switch|p1a: Alakazam|Alakazam, L75, F|100\/100
|turn|18
|choice|move psyshock mega|move doubleedge
|
|detailschange|p1a: Alakazam|Alakazam-Mega, L75, F
|-mega|p1a: Alakazam|Alakazam|Alakazite
|-ability|p1a: Alakazam|Frisk|[from] ability: Trace|[of] p2a: Furret
|-item|p2a: Furret|Choice Band|[from] ability: Frisk|[of] p1a: Alakazam|[identify]
|move|p1a: Alakazam|Psyshock|p2a: Furret
|-damage|p2a: Furret|0 fnt
|faint|p2a: Furret
|
|upkeep
|choice||switch 3
|
|switch|p2a: Cresselia|Cresselia, L79, F|100\/100
|turn|19
|choice|move substitute|move toxic
|
|move|p1a: Alakazam|Substitute|p1a: Alakazam
|-start|p1a: Alakazam|Substitute
|-damage|p1a: Alakazam|76\/100
|move|p2a: Cresselia|Toxic|p1a: Alakazam
|-fail|p1a: Alakazam
|
|upkeep
|turn|20
|choice|move calmmind|move substitute
|
|move|p1a: Alakazam|Calm Mind|p1a: Alakazam
|-boost|p1a: Alakazam|spa|1
|-boost|p1a: Alakazam|spd|1
|move|p2a: Cresselia|Substitute|p2a: Cresselia
|-start|p2a: Cresselia|Substitute
|-damage|p2a: Cresselia|76\/100
|
|-heal|p2a: Cresselia|82\/100|[from] item: Leftovers
|upkeep
|turn|21
|choice|move shadowball|move moonblast
|
|move|p1a: Alakazam|Shadow Ball|p2a: Cresselia
|-supereffective|p2a: Cresselia
|-end|p2a: Cresselia|Substitute
|move|p2a: Cresselia|Moonblast|p1a: Alakazam
|-activate|p1a: Alakazam|move: Substitute|[damage]
|
|-heal|p2a: Cresselia|88\/100|[from] item: Leftovers
|upkeep
|turn|22
|choice|move shadowball|move moonblast
|
|move|p1a: Alakazam|Shadow Ball|p2a: Cresselia
|-supereffective|p2a: Cresselia
|-damage|p2a: Cresselia|33\/100
|move|p2a: Cresselia|Moonblast|p1a: Alakazam
|-end|p1a: Alakazam|Substitute
|
|-heal|p2a: Cresselia|39\/100|[from] item: Leftovers
|upkeep
|turn|23
|choice|move substitute|move moonblast
|
|move|p1a: Alakazam|Substitute|p1a: Alakazam
|-start|p1a: Alakazam|Substitute
|-damage|p1a: Alakazam|51\/100
|move|p2a: Cresselia|Moonblast|p1a: Alakazam
|-activate|p1a: Alakazam|move: Substitute|[damage]
|
|-heal|p2a: Cresselia|45\/100|[from] item: Leftovers
|upkeep
|turn|24
|choice|move shadowball|move moonblast
|
|move|p1a: Alakazam|Shadow Ball|p2a: Cresselia
|-supereffective|p2a: Cresselia
|-damage|p2a: Cresselia|0 fnt
|faint|p2a: Cresselia
|
|upkeep
|choice||switch 6
|
|switch|p2a: Shiftry|Shiftry, L79, M|100\/100
|-activate|p2a: Shiftry|move: Sticky Web
|-unboost|p2a: Shiftry|spe|1
|turn|25
|choice|move shadowball|move knockoff
|
|move|p1a: Alakazam|Shadow Ball|p2a: Shiftry
|-resisted|p2a: Shiftry
|-damage|p2a: Shiftry|74\/100
|-unboost|p2a: Shiftry|spd|1
|move|p2a: Shiftry|Knock Off|p1a: Alakazam
|-supereffective|p1a: Alakazam
|-end|p1a: Alakazam|Substitute
|-damage|p2a: Shiftry|64\/100|[from] item: Life Orb
|
|upkeep
|turn|26
|c|☆DR2|gg
|choice|move substitute|move knockoff
|
|move|p1a: Alakazam|Substitute|p1a: Alakazam
|-start|p1a: Alakazam|Substitute
|-damage|p1a: Alakazam|26\/100
|move|p2a: Shiftry|Knock Off|p1a: Alakazam
|-supereffective|p1a: Alakazam
|-end|p1a: Alakazam|Substitute
|-damage|p2a: Shiftry|54\/100|[from] item: Life Orb
|
|upkeep
|turn|27
|choice|move substitute|move knockoff
|
|move|p1a: Alakazam|Substitute|p1a: Alakazam
|-start|p1a: Alakazam|Substitute
|-damage|p1a: Alakazam|1\/100
|move|p2a: Shiftry|Knock Off|p1a: Alakazam
|-supereffective|p1a: Alakazam
|-end|p1a: Alakazam|Substitute
|-damage|p2a: Shiftry|44\/100|[from] item: Life Orb
|
|upkeep
|turn|28
|c|☆DR2|u win
|choice|move shadowball|move knockoff
|
|move|p1a: Alakazam|Shadow Ball|p2a: Shiftry
|-resisted|p2a: Shiftry
|-damage|p2a: Shiftry|4\/100
|-unboost|p2a: Shiftry|spd|1
|move|p2a: Shiftry|Knock Off|p1a: Alakazam
|-supereffective|p1a: Alakazam
|-damage|p1a: Alakazam|0 fnt
|-damage|p2a: Shiftry|0 fnt|[from] item: Life Orb
|faint|p1a: Alakazam
|faint|p2a: Shiftry
|
|win|DR2
|c|☆DR2|lol
|c|☆DR2|gg
|raw|cocomonkey0737's rating: 1412 &rarr; <strong>1395<\/strong><br \/>(-17 for losing)
|raw|DR2's rating: 1474 &rarr; <strong>1491<\/strong><br \/>(+17 for winning)
|l|cocomonkey0737</script>
</div>
<div class="battle-log battle-log-inline"><div class="inner"><div class="chat"><small>cocomonkey0737 joined.</small></div><div class="chat"><small>DR2 joined.</small></div><div style="padding:5px 0"><small>Format:</small> <br><strong>[Gen 7] Random Battle</strong></div><div class="rated"><strong>Rated battle</strong></div><div><small><em>Sleep Clause Mod:</em> Limit one foe put to sleep</small></div><div><small><em>HP Percentage Mod:</em> HP is shown in percentages</small></div><div>Battle between cocomonkey0737 and DR2 started!</div><div class="spacer"></div><div>Go! <span class="battle-nickname" title="Rotom-Fan">Rotom <small>(Rotom-Fan)</small></span>!</div><div class="spacer"></div><div>DR2 sent out Cresselia!</div><div><small><span class="battle-nickname" title="Rotom-Fan">Rotom</span> floats in the air with its Air Balloon!</small></div><h2>Turn 1</h2><div class="spacer"></div><div><span class="battle-nickname" title="Rotom-Fan">Rotom</span>, come back!</div><div class="spacer"></div><div>Go! Kricketune!</div><div class="spacer"></div><div>The opposing <span class="battle-nickname-foe" title="Cresselia">Cresselia</span> used <strong>Toxic</strong>!</div><div><small><span class="battle-nickname" title="Kricketune">Kricketune</span> avoided the attack!</small></div><h2>Turn 2</h2><div class="spacer"></div><div>DR2 withdrew Cresselia!</div><div class="spacer"></div><div>DR2 sent out Dugtrio!</div><div class="spacer"></div><div><span class="battle-nickname" title="Kricketune">Kricketune</span> used <strong>Taunt</strong>!</div><div><small>The opposing <span class="battle-nickname-foe" title="Dugtrio">Dugtrio</span> fell for the taunt!</small></div><h2>Turn 3</h2><div class="spacer"></div><div>DR2 withdrew Dugtrio!</div><div class="spacer"></div><div>DR2 sent out Barbaracle!</div><div class="spacer"></div><div><span class="battle-nickname" title="Kricketune">Kricketune</span> used <strong>Sticky Web</strong>!</div><div><small>A sticky web spreads out on the ground around the opposing team!</small></div><h2>Turn 4</h2><div class="spacer"></div><div>The opposing <span class="battle-nickname-foe" title="Barbaracle">Barbaracle</span> used <strong>Shell Smash</strong>!</div><div><small>The opposing <span class="battle-nickname-foe" title="Barbaracle">Barbaracle</span>'s Defense fell! The opposing <span class="battle-nickname-foe" title="Barbaracle">Barbaracle</span>'s Special Defense fell! </small></div><div><small>The opposing <span class="battle-nickname-foe" title="Barbaracle">Barbaracle</span>'s Attack rose sharply! The opposing <span class="battle-nickname-foe" title="Barbaracle">Barbaracle</span>'s Special Attack rose sharply! The opposing <span class="battle-nickname-foe" title="Barbaracle">Barbaracle</span>'s Speed rose sharply! </small></div><div><small>The opposing <span class="battle-nickname-foe" title="Barbaracle">Barbaracle</span> returned its status to normal using its White Herb!</small></div><div class="spacer"></div><div><span class="battle-nickname" title="Kricketune">Kricketune</span> used <strong>Taunt</strong>!</div><div><small>The opposing <span class="battle-nickname-foe" title="Barbaracle">Barbaracle</span> fell for the taunt!</small></div><h2>Turn 5</h2><div class="chat message-error">Battle timer is ON: inactive players will automatically lose when time's up. (requested by DR2)</div><div class="spacer"></div><div>The opposing <span class="battle-nickname-foe" title="Barbaracle">Barbaracle</span> used <strong>Razor Shell</strong>!</div><div><small><span class="battle-nickname" title="Kricketune">Kricketune</span> avoided the attack!</small></div><div class="spacer"></div><div><span class="battle-nickname" title="Kricketune">Kricketune</span> used <strong>Leech Life</strong>!</div><div><small>The opposing <span class="battle-nickname-foe" title="Barbaracle">Barbaracle</span> lost 23% of its health!</small><br></div><h2>Turn 6</h2><div class="spacer"></div><div>The opposing <span class="battle-nickname-foe" title="Barbaracle">Barbaracle</span> used <strong>Razor Shell</strong>!</div><div><small><span class="battle-nickname" title="Kricketune">Kricketune</span> avoided the attack!</small></div><div class="spacer"></div><div><span class="battle-nickname" title="Kricketune">Kricketune</span> used <strong>Leech Life</strong>!</div><div><small>The opposing <span class="battle-nickname-foe" title="Barbaracle">Barbaracle</span> lost 27% of its health!</small><br></div><h2>Turn 7</h2><div class="chat chatmessage-dr2"><strong style="color:hsl(276,72.0254152%,54.0508304%);"><small>☆</small><span class="username" data-name="DR2">DR2</span>:</strong> <em>kkkkkkkkkkkkkkkkkk</em></div><div class="spacer"></div><div>The opposing <span class="battle-nickname-foe" title="Barbaracle">Barbaracle</span> used <strong>Razor Shell</strong>!</div><div><small><span class="battle-nickname" title="Kricketune">Kricketune</span> lost 100% of its health!</small><br></div><div class="spacer"></div><div><span class="battle-nickname" title="Kricketune">Kricketune</span> fainted!</div><div class="spacer"></div><div><small>The opposing <span class="battle-nickname-foe" title="Barbaracle">Barbaracle</span>'s taunt wore off!</small></div><div class="chat chatmessage-cocomonkey0737"><strong style="color:hsl(136,76.33700977777778%,43.66299022222223%);"><small>☆</small><span class="username" data-name="cocomonkey0737">cocomonkey0737</span>:</strong> <em>LOL</em></div><div class="spacer"></div><div>Go! <span class="battle-nickname" title="Rotom-Fan">Rotom <small>(Rotom-Fan)</small></span>!</div><div><small><span class="battle-nickname" title="Rotom-Fan">Rotom</span> floats in the air with its Air Balloon!</small></div><h2>Turn 8</h2><div class="spacer"></div><div>The opposing <span class="battle-nickname-foe" title="Barbaracle">Barbaracle</span> used <strong>Stone Edge</strong>!</div><div><small>It's super effective! A critical hit! </small><small><span class="battle-nickname" title="Rotom-Fan">Rotom</span> lost 100% of its health!</small><br></div><div><small><span class="battle-nickname" title="Rotom-Fan">Rotom</span>'s Air Balloon popped!</small></div><div class="spacer"></div><div><span class="battle-nickname" title="Rotom-Fan">Rotom</span> fainted!</div><div class="chat chatmessage-dr2"><strong style="color:hsl(276,72.0254152%,54.0508304%);"><small>☆</small><span class="username" data-name="DR2">DR2</span>:</strong> <em>miss again</em></div><div class="chat chatmessage-dr2"><strong style="color:hsl(276,72.0254152%,54.0508304%);"><small>☆</small><span class="username" data-name="DR2">DR2</span>:</strong> <em>wow</em></div><div class="spacer"></div><div>Go! Lurantis!</div><h2>Turn 9</h2><div class="spacer"></div><div>The opposing <span class="battle-nickname-foe" title="Barbaracle">Barbaracle</span> used <strong>Stone Edge</strong>!</div><div><small><span class="battle-nickname" title="Lurantis">Lurantis</span> lost 84% of its health!</small><br></div><div class="spacer"></div><div><span class="battle-nickname" title="Lurantis">Lurantis</span> used <strong>Giga Drain</strong>!</div><div><small>It's super effective! A critical hit! </small><small>The opposing <span class="battle-nickname-foe" title="Barbaracle">Barbaracle</span> lost 50% of its health!</small><br></div><div><small>The opposing <span class="battle-nickname-foe" title="Barbaracle">Barbaracle</span> had its energy drained!</small></div><div><small><span class="battle-nickname" title="Lurantis">Lurantis</span> lost some of its HP!</small></div><div class="spacer"></div><div>The opposing <span class="battle-nickname-foe" title="Barbaracle">Barbaracle</span> fainted!</div><div class="spacer"></div><div>DR2 sent out Scyther!</div><h2>Turn 10</h2><div class="spacer"></div><div>The opposing <span class="battle-nickname-foe" title="Scyther">Scyther</span> used <strong>Aerial Ace</strong>!</div><div><small>It's super effective! </small><small><span class="battle-nickname" title="Lurantis">Lurantis</span> lost 32% of its health!</small><br></div><div class="spacer"></div><div><span class="battle-nickname" title="Lurantis">Lurantis</span> fainted!</div><div class="spacer"></div><div>Go! Emboar!</div><h2>Turn 11</h2><div class="spacer"></div><div>The opposing <span class="battle-nickname-foe" title="Scyther">Scyther</span> used <strong>Aerial Ace</strong>!</div><div><small>It's super effective! </small><small><span class="battle-nickname" title="Emboar">Emboar</span> lost 81% of its health!</small><br></div><div class="spacer"></div><div><span class="battle-nickname" title="Emboar">Emboar</span> used <strong>Flare Blitz</strong>!</div><div><small>It's super effective! </small><small>The opposing <span class="battle-nickname-foe" title="Scyther">Scyther</span> lost 100% of its health!</small><br></div><div><small><span class="battle-nickname" title="Emboar">Emboar</span> is damaged by the recoil!</small></div><div class="spacer"></div><div>The opposing <span class="battle-nickname-foe" title="Scyther">Scyther</span> fainted!</div><div class="spacer"></div><div><span class="battle-nickname" title="Emboar">Emboar</span> fainted!</div><div class="spacer"></div><div>DR2 sent out Dugtrio!</div><div class="spacer"></div><div>Go! Jumpluff!</div><div><small>The opposing <span class="battle-nickname-foe" title="Dugtrio">Dugtrio</span> was caught in a sticky web!</small></div><div><small>The opposing <span class="battle-nickname-foe" title="Dugtrio">Dugtrio</span>'s Speed fell! </small></div><h2>Turn 12</h2><div class="spacer"></div><div><span class="battle-nickname" title="Jumpluff">Jumpluff</span> used <strong>Leech Seed</strong>!</div><div><small>The opposing <span class="battle-nickname-foe" title="Dugtrio">Dugtrio</span> was seeded!</small></div><div class="spacer"></div><div>The opposing <span class="battle-nickname-foe" title="Dugtrio">Dugtrio</span> used <strong>Substitute</strong>!</div><div><small>The opposing <span class="battle-nickname-foe" title="Dugtrio">Dugtrio</span> put in a substitute!</small></div><div><small>The opposing <span class="battle-nickname-foe" title="Dugtrio">Dugtrio</span> lost 25% of its health!</small><br></div><div class="spacer"></div><div><small>The opposing <span class="battle-nickname-foe" title="Dugtrio">Dugtrio</span> restored a little HP using its Leftovers!</small></div><div><small>The opposing <span class="battle-nickname-foe" title="Dugtrio">Dugtrio</span>'s health is sapped by Leech Seed!</small></div><h2>Turn 13</h2><div class="spacer"></div><div><span class="battle-nickname" title="Jumpluff">Jumpluff</span> used <strong>Encore</strong>!</div><div><small>The opposing <span class="battle-nickname-foe" title="Dugtrio">Dugtrio</span> received an encore!</small></div><div class="spacer"></div><div>The opposing <span class="battle-nickname-foe" title="Dugtrio">Dugtrio</span> used <strong>Substitute</strong>!</div><div><small>The opposing <span class="battle-nickname-foe" title="Dugtrio">Dugtrio</span> already has a substitute!</small></div><div class="spacer"></div><div><small>The opposing <span class="battle-nickname-foe" title="Dugtrio">Dugtrio</span> restored a little HP using its Leftovers!</small></div><div><small>The opposing <span class="battle-nickname-foe" title="Dugtrio">Dugtrio</span>'s health is sapped by Leech Seed!</small></div><h2>Turn 14</h2><div class="spacer"></div><div><span class="battle-nickname" title="Jumpluff">Jumpluff</span> used <strong>Leech Seed</strong>!</div><div><small>But it failed!</small></div><div class="spacer"></div><div>The opposing <span class="battle-nickname-foe" title="Dugtrio">Dugtrio</span> used <strong>Substitute</strong>!</div><div><small>The opposing <span class="battle-nickname-foe" title="Dugtrio">Dugtrio</span> already has a substitute!</small></div><div class="spacer"></div><div><small>The opposing <span class="battle-nickname-foe" title="Dugtrio">Dugtrio</span> restored a little HP using its Leftovers!</small></div><div><small>The opposing <span class="battle-nickname-foe" title="Dugtrio">Dugtrio</span>'s health is sapped by Leech Seed!</small></div><h2>Turn 15</h2><div class="spacer"></div><div><span class="battle-nickname" title="Jumpluff">Jumpluff</span> used <strong>Seed Bomb</strong>!</div><div><small>It's super effective! </small><small>The opposing <span class="battle-nickname-foe" title="Dugtrio">Dugtrio</span> lost 56% of its health!</small><br></div><div class="spacer"></div><div>The opposing <span class="battle-nickname-foe" title="Dugtrio">Dugtrio</span> fainted!</div><div class="spacer"></div><div>DR2 sent out Furret!</div><div><small>The opposing <span class="battle-nickname-foe" title="Furret">Furret</span> was caught in a sticky web!</small></div><div><small>The opposing <span class="battle-nickname-foe" title="Furret">Furret</span>'s Speed fell! </small></div><h2>Turn 16</h2><div class="spacer"></div><div><span class="battle-nickname" title="Jumpluff">Jumpluff</span> used <strong>Leech Seed</strong>!</div><div><small>The opposing <span class="battle-nickname-foe" title="Furret">Furret</span> was seeded!</small></div><div class="spacer"></div><div>The opposing <span class="battle-nickname-foe" title="Furret">Furret</span> used <strong>Double-Edge</strong>!</div><div><small><span class="battle-nickname" title="Jumpluff">Jumpluff</span> lost 69% of its health!</small><br></div><div><small>The opposing <span class="battle-nickname-foe" title="Furret">Furret</span> is damaged by the recoil!</small></div><div class="spacer"></div><div><small>The opposing <span class="battle-nickname-foe" title="Furret">Furret</span>'s health is sapped by Leech Seed!</small></div><h2>Turn 17</h2><div class="spacer"></div><div><span class="battle-nickname" title="Jumpluff">Jumpluff</span> used <strong>Seed Bomb</strong>!</div><div><small>The opposing <span class="battle-nickname-foe" title="Furret">Furret</span> lost 24% of its health!</small><br></div><div class="spacer"></div><div>The opposing <span class="battle-nickname-foe" title="Furret">Furret</span> used <strong>Double-Edge</strong>!</div><div><small><span class="battle-nickname" title="Jumpluff">Jumpluff</span> lost 44% of its health!</small><br></div><div><small>The opposing <span class="battle-nickname-foe" title="Furret">Furret</span> is damaged by the recoil!</small></div><div class="spacer"></div><div><span class="battle-nickname" title="Jumpluff">Jumpluff</span> fainted!</div><div class="spacer"></div><div>Go! Alakazam!</div><h2>Turn 18</h2><div class="spacer"></div><div><small><span class="battle-nickname" title="Alakazam-Mega">Alakazam</span>'s Alakazite is reacting to cocomonkey0737's Mega Bracelet!<br><span class="battle-nickname" title="Alakazam-Mega">Alakazam</span> has Mega Evolved into Mega Alakazam!</small></div><div><small>[<span class="battle-nickname" title="Alakazam-Mega">Alakazam</span>'s Trace!]</small></div><div><small><span class="battle-nickname" title="Alakazam-Mega">Alakazam</span> traced the opposing <span class="battle-nickname-foe" title="Furret">Furret</span>'s Frisk!</small></div><div><small>[<span class="battle-nickname" title="Alakazam-Mega">Alakazam</span>'s Frisk!]</small></div><div><small><span class="battle-nickname" title="Alakazam-Mega">Alakazam</span> frisked the opposing <span class="battle-nickname-foe" title="Furret">Furret</span> and found its Choice Band!</small></div><div class="spacer"></div><div><span class="battle-nickname" title="Alakazam-Mega">Alakazam</span> used <strong>Psyshock</strong>!</div><div><small>The opposing <span class="battle-nickname-foe" title="Furret">Furret</span> lost 28% of its health!</small><br></div><div class="spacer"></div><div>The opposing <span class="battle-nickname-foe" title="Furret">Furret</span> fainted!</div><div class="spacer"></div><div>DR2 sent out Cresselia!</div><h2>Turn 19</h2><div class="spacer"></div><div><span class="battle-nickname" title="Alakazam-Mega">Alakazam</span> used <strong>Substitute</strong>!</div><div><small><span class="battle-nickname" title="Alakazam-Mega">Alakazam</span> put in a substitute!</small></div><div><small><span class="battle-nickname" title="Alakazam-Mega">Alakazam</span> lost 24% of its health!</small><br></div><div class="spacer"></div><div>The opposing <span class="battle-nickname-foe" title="Cresselia">Cresselia</span> used <strong>Toxic</strong>!</div><div><small>But it failed!</small></div><h2>Turn 20</h2><div class="spacer"></div><div><span class="battle-nickname" title="Alakazam-Mega">Alakazam</span> used <strong>Calm Mind</strong>!</div><div><small><span class="battle-nickname" title="Alakazam-Mega">Alakazam</span>'s Special Attack rose! <span class="battle-nickname" title="Alakazam-Mega">Alakazam</span>'s Special Defense rose! </small></div><div class="spacer"></div><div>The opposing <span class="battle-nickname-foe" title="Cresselia">Cresselia</span> used <strong>Substitute</strong>!</div><div><small>The opposing <span class="battle-nickname-foe" title="Cresselia">Cresselia</span> put in a substitute!</small></div><div><small>The opposing <span class="battle-nickname-foe" title="Cresselia">Cresselia</span> lost 24% of its health!</small><br></div><div class="spacer"></div><div><small>The opposing <span class="battle-nickname-foe" title="Cresselia">Cresselia</span> restored a little HP using its Leftovers!</small></div><h2>Turn 21</h2><div class="spacer"></div><div><span class="battle-nickname" title="Alakazam-Mega">Alakazam</span> used <strong>Shadow Ball</strong>!</div><div><small>It's super effective! The opposing <span class="battle-nickname-foe" title="Cresselia">Cresselia</span>'s substitute faded!</small></div><div class="spacer"></div><div>The opposing <span class="battle-nickname-foe" title="Cresselia">Cresselia</span> used <strong>Moonblast</strong>!</div><div><small>The substitute took damage for <span class="battle-nickname" title="Alakazam-Mega">Alakazam</span>!</small></div><div class="spacer"></div><div><small>The opposing <span class="battle-nickname-foe" title="Cresselia">Cresselia</span> restored a little HP using its Leftovers!</small></div><h2>Turn 22</h2><div class="spacer"></div><div><span class="battle-nickname" title="Alakazam-Mega">Alakazam</span> used <strong>Shadow Ball</strong>!</div><div><small>It's super effective! </small><small>The opposing <span class="battle-nickname-foe" title="Cresselia">Cresselia</span> lost 55% of its health!</small><br></div><div class="spacer"></div><div>The opposing <span class="battle-nickname-foe" title="Cresselia">Cresselia</span> used <strong>Moonblast</strong>!</div><div><small><span class="battle-nickname" title="Alakazam-Mega">Alakazam</span>'s substitute faded!</small></div><div class="spacer"></div><div><small>The opposing <span class="battle-nickname-foe" title="Cresselia">Cresselia</span> restored a little HP using its Leftovers!</small></div><h2>Turn 23</h2><div class="spacer"></div><div><span class="battle-nickname" title="Alakazam-Mega">Alakazam</span> used <strong>Substitute</strong>!</div><div><small><span class="battle-nickname" title="Alakazam-Mega">Alakazam</span> put in a substitute!</small></div><div><small><span class="battle-nickname" title="Alakazam-Mega">Alakazam</span> lost 25% of its health!</small><br></div><div class="spacer"></div><div>The opposing <span class="battle-nickname-foe" title="Cresselia">Cresselia</span> used <strong>Moonblast</strong>!</div><div><small>The substitute took damage for <span class="battle-nickname" title="Alakazam-Mega">Alakazam</span>!</small></div><div class="spacer"></div><div><small>The opposing <span class="battle-nickname-foe" title="Cresselia">Cresselia</span> restored a little HP using its Leftovers!</small></div><h2>Turn 24</h2><div class="spacer"></div><div><span class="battle-nickname" title="Alakazam-Mega">Alakazam</span> used <strong>Shadow Ball</strong>!</div><div><small>It's super effective! </small><small>The opposing <span class="battle-nickname-foe" title="Cresselia">Cresselia</span> lost 45% of its health!</small><br></div><div class="spacer"></div><div>The opposing <span class="battle-nickname-foe" title="Cresselia">Cresselia</span> fainted!</div><div class="spacer"></div><div>DR2 sent out Shiftry!</div><div><small>The opposing <span class="battle-nickname-foe" title="Shiftry">Shiftry</span> was caught in a sticky web!</small></div><div><small>The opposing <span class="battle-nickname-foe" title="Shiftry">Shiftry</span>'s Speed fell! </small></div><h2>Turn 25</h2><div class="spacer"></div><div><span class="battle-nickname" title="Alakazam-Mega">Alakazam</span> used <strong>Shadow Ball</strong>!</div><div><small>It's not very effective... </small><small>The opposing <span class="battle-nickname-foe" title="Shiftry">Shiftry</span> lost 26% of its health!</small><br></div><div><small>The opposing <span class="battle-nickname-foe" title="Shiftry">Shiftry</span>'s Special Defense fell! </small></div><div class="spacer"></div><div>The opposing <span class="battle-nickname-foe" title="Shiftry">Shiftry</span> used <strong>Knock Off</strong>!</div><div><small>It's super effective! <span class="battle-nickname" title="Alakazam-Mega">Alakazam</span>'s substitute faded!</small></div><div><small>The opposing <span class="battle-nickname-foe" title="Shiftry">Shiftry</span> lost some of its HP!</small></div><h2>Turn 26</h2><div class="chat chatmessage-dr2"><strong style="color:hsl(276,72.0254152%,54.0508304%);"><small>☆</small><span class="username" data-name="DR2">DR2</span>:</strong> <em>gg</em></div><div class="spacer"></div><div><span class="battle-nickname" title="Alakazam-Mega">Alakazam</span> used <strong>Substitute</strong>!</div><div><small><span class="battle-nickname" title="Alakazam-Mega">Alakazam</span> put in a substitute!</small></div><div><small><span class="battle-nickname" title="Alakazam-Mega">Alakazam</span> lost 25% of its health!</small><br></div><div class="spacer"></div><div>The opposing <span class="battle-nickname-foe" title="Shiftry">Shiftry</span> used <strong>Knock Off</strong>!</div><div><small>It's super effective! <span class="battle-nickname" title="Alakazam-Mega">Alakazam</span>'s substitute faded!</small></div><div><small>The opposing <span class="battle-nickname-foe" title="Shiftry">Shiftry</span> lost some of its HP!</small></div><h2>Turn 27</h2><div class="spacer"></div><div><span class="battle-nickname" title="Alakazam-Mega">Alakazam</span> used <strong>Substitute</strong>!</div><div><small><span class="battle-nickname" title="Alakazam-Mega">Alakazam</span> put in a substitute!</small></div><div><small><span class="battle-nickname" title="Alakazam-Mega">Alakazam</span> lost 25% of its health!</small><br></div><div class="spacer"></div><div>The opposing <span class="battle-nickname-foe" title="Shiftry">Shiftry</span> used <strong>Knock Off</strong>!</div><div><small>It's super effective! <span class="battle-nickname" title="Alakazam-Mega">Alakazam</span>'s substitute faded!</small></div><div><small>The opposing <span class="battle-nickname-foe" title="Shiftry">Shiftry</span> lost some of its HP!</small></div><h2>Turn 28</h2><div class="chat chatmessage-dr2"><strong style="color:hsl(276,72.0254152%,54.0508304%);"><small>☆</small><span class="username" data-name="DR2">DR2</span>:</strong> <em>u win</em></div><div class="spacer"></div><div><span class="battle-nickname" title="Alakazam-Mega">Alakazam</span> used <strong>Shadow Ball</strong>!</div><div><small>It's not very effective... </small><small>The opposing <span class="battle-nickname-foe" title="Shiftry">Shiftry</span> lost 40% of its health!</small><br></div><div><small>The opposing <span class="battle-nickname-foe" title="Shiftry">Shiftry</span>'s Special Defense fell! </small></div><div class="spacer"></div><div>The opposing <span class="battle-nickname-foe" title="Shiftry">Shiftry</span> used <strong>Knock Off</strong>!</div><div><small>It's super effective! </small><small><span class="battle-nickname" title="Alakazam-Mega">Alakazam</span> lost 1% of its health!</small><br></div><div><small>The opposing <span class="battle-nickname-foe" title="Shiftry">Shiftry</span> lost some of its HP!</small></div><div class="spacer"></div><div><span class="battle-nickname" title="Alakazam-Mega">Alakazam</span> fainted!</div><div class="spacer"></div><div>The opposing <span class="battle-nickname-foe" title="Shiftry">Shiftry</span> fainted!</div><div class="spacer"></div><div>DR2 won the battle!</div><div class="chat chatmessage-dr2"><strong style="color:hsl(276,72.0254152%,54.0508304%);"><small>☆</small><span class="username" data-name="DR2">DR2</span>:</strong> <em>lol</em></div><div class="chat chatmessage-dr2"><strong style="color:hsl(276,72.0254152%,54.0508304%);"><small>☆</small><span class="username" data-name="DR2">DR2</span>:</strong> <em>gg</em></div><div class="chat">cocomonkey0737's rating: 1412 → <strong>1395</strong><br>(-17 for losing)</div><div class="chat">DR2's rating: 1474 → <strong>1491</strong><br>(+17 for winning)</div><div class="chat"><small>cocomonkey0737 left.</small></div></div></div>
</div>
<script>
var daily = Math.floor(Date.now()/1000/60/60/24);document.write('<script src="https://play.pokemonshowdown.com/js/replay-embed.js?version'+daily+'"></'+'script>');
</script>
