<!DOCTYPE html>
<meta charset="utf-8" />
<!-- version 1 -->
<title>[Gen 7] Random Battle replay: Nexforce vs. Porygon-233</title>
<style>
html,body {font-family:Verdana, sans-serif;font-size:10pt;margin:0;padding:0;}body{padding:12px 0;} .battle-log {font-family:Verdana, sans-serif;font-size:10pt;} .battle-log-inline {border:1px solid #AAAAAA;background:#EEF2F5;color:black;max-width:640px;margin:0 auto 80px;padding-bottom:5px;} .battle-log .inner {padding:4px 8px 0px 8px;} .battle-log .inner-preempt {padding:0 8px 4px 8px;} .battle-log .inner-after {margin-top:0.5em;} .battle-log h2 {margin:0.5em -8px;padding:4px 8px;border:1px solid #AAAAAA;background:#E0E7EA;border-left:0;border-right:0;font-family:Verdana, sans-serif;font-size:13pt;} .battle-log .chat {vertical-align:middle;padding:3px 0 3px 0;font-size:8pt;} .battle-log .chat strong {color:#40576A;} .battle-log .chat em {padding:1px 4px 1px 3px;color:#000000;font-style:normal;} .chat.mine {background:rgba(0,0,0,0.05);margin-left:-8px;margin-right:-8px;padding-left:8px;padding-right:8px;} .spoiler {color:#BBBBBB;background:#BBBBBB;padding:0px 3px;} .spoiler:hover, .spoiler:active, .spoiler-shown {color:#000000;background:#E2E2E2;padding:0px 3px;} .spoiler a {color:#BBBBBB;} .spoiler:hover a, .spoiler:active a, .spoiler-shown a {color:#2288CC;} .chat code, .chat .spoiler:hover code, .chat .spoiler:active code, .chat .spoiler-shown code {border:1px solid #C0C0C0;background:#EEEEEE;color:black;padding:0 2px;} .chat .spoiler code {border:1px solid #CCCCCC;background:#CCCCCC;color:#CCCCCC;} .battle-log .rated {padding:3px 4px;} .battle-log .rated strong {color:white;background:#89A;padding:1px 4px;border-radius:4px;} .spacer {margin-top:0.5em;} .message-announce {background:#6688AA;color:white;padding:1px 4px 2px;} .message-announce a, .broadcast-green a, .broadcast-blue a, .broadcast-red a {color:#DDEEFF;} .broadcast-green {background-color:#559955;color:white;padding:2px 4px;} .broadcast-blue {background-color:#6688AA;color:white;padding:2px 4px;} .infobox {border:1px solid #6688AA;padding:2px 4px;} .infobox-limited {max-height:200px;overflow:auto;overflow-x:hidden;} .broadcast-red {background-color:#AA5544;color:white;padding:2px 4px;} .message-learn-canlearn {font-weight:bold;color:#228822;text-decoration:underline;} .message-learn-cannotlearn {font-weight:bold;color:#CC2222;text-decoration:underline;} .message-effect-weak {font-weight:bold;color:#CC2222;} .message-effect-resist {font-weight:bold;color:#6688AA;} .message-effect-immune {font-weight:bold;color:#666666;} .message-learn-list {margin-top:0;margin-bottom:0;} .message-throttle-notice, .message-error {color:#992222;} .message-overflow, .chat small.message-overflow {font-size:0pt;} .message-overflow::before {font-size:9pt;content:'...';} .subtle {color:#3A4A66;}
</style>
<div class="wrapper replay-wrapper" style="max-width:1180px;margin:0 auto">
<input type="hidden" name="replayid" value="gen7randombattle-566955107" />
<div class="battle"></div><div class="battle-log"></div><div class="replay-controls"></div><div class="replay-controls-2"></div>
<h1 style="font-weight:normal;text-align:center"><strong>[Gen 7] Random Battle</strong><br /><a href="http://pokemonshowdown.com/users/nexforce" class="subtle" target="_blank">Nexforce</a> vs. <a href="http://pokemonshowdown.com/users/porygon233" class="subtle" target="_blank">Porygon-233</a></h1>
<script type="text/plain" class="battle-log-data">|j|Nexforce
|j|Porygon-233
|player|p1|Nexforce|1
|player|p2|Porygon-233|249
|gametype|singles
|gen|7
|tier|[Gen 7] Random Battle
|rated
|seed|8173,55124,20793,56763,15465,32216,51865,24984,45774,26611,18593,62394
|rule|Sleep Clause Mod: Limit one foe put to sleep
|rule|HP Percentage Mod: HP is shown in percentages
|
|start
|switch|p1a: Passimian|Passimian, L79, M|100\/100
|switch|p2a: Lickilicky|Lickilicky, L79, F|100\/100
|-ability|p2a: Lickilicky|Cloud Nine
|turn|1
|inactive|Battle timer is ON: inactive players will automatically lose when time's up. (requested by Nexforce)
|choice|move closecombat|switch 5
|
|switch|p2a: Tropius|Tropius, L79, F|100\/100
|move|p1a: Passimian|Close Combat|p2a: Tropius
|-resisted|p2a: Tropius
|-damage|p2a: Tropius|62\/100
|-unboost|p1a: Passimian|def|1
|-unboost|p1a: Passimian|spd|1
|
|upkeep
|turn|2
|choice|switch 4|move toxic
|
|switch|p1a: Simisear|Simisear, L79, M|100\/100
|move|p2a: Tropius|Toxic|p1a: Simisear
|-status|p1a: Simisear|tox
|
|-damage|p1a: Simisear|94\/100 tox|[from] psn
|upkeep
|turn|3
|choice|move fireblast|switch 2
|
|switch|p2a: Wishiwashi|Wishiwashi, L79, F|100\/100
|-formechange|p2a: Wishiwashi|Wishiwashi-School|[from] ability: Schooling
|move|p1a: Simisear|Fire Blast|p2a: Wishiwashi
|-resisted|p2a: Wishiwashi
|-damage|p2a: Wishiwashi|80\/100
|
|-heal|p1a: Simisear|100\/100 tox|[from] item: Leftovers
|-damage|p1a: Simisear|88\/100 tox|[from] psn
|upkeep
|turn|4
|choice|switch 2|move scald
|
|switch|p1a: Samurott|Samurott, L79, M|100\/100
|move|p2a: Wishiwashi|Scald|p1a: Samurott
|-resisted|p1a: Samurott
|-damage|p1a: Samurott|78\/100
|
|upkeep
|turn|5
|choice|move swordsdance|move hiddenpower
|
|move|p1a: Samurott|Swords Dance|p1a: Samurott
|-boost|p1a: Samurott|atk|2
|move|p2a: Wishiwashi|Hidden Power|p1a: Samurott
|-supereffective|p1a: Samurott
|-damage|p1a: Samurott|27\/100
|
|upkeep
|turn|6
|choice|move megahorn|move hiddenpower
|
|move|p1a: Samurott|Megahorn|p2a: Wishiwashi|[miss]
|-miss|p1a: Samurott|p2a: Wishiwashi
|move|p2a: Wishiwashi|Hidden Power|p1a: Samurott
|-supereffective|p1a: Samurott
|-damage|p1a: Samurott|0 fnt
|faint|p1a: Samurott
|
|upkeep
|choice|switch 5|
|
|switch|p1a: Deoxys|Deoxys, L73|100\/100
|-ability|p1a: Deoxys|Pressure
|turn|7
|choice|move knockoff|move scald
|
|move|p1a: Deoxys|Knock Off|p2a: Wishiwashi
|-damage|p2a: Wishiwashi|41\/100
|-enditem|p2a: Wishiwashi|Expert Belt|[from] move: Knock Off|[of] p1a: Deoxys
|-damage|p1a: Deoxys|91\/100|[from] item: Life Orb
|move|p2a: Wishiwashi|Scald|p1a: Deoxys
|-damage|p1a: Deoxys|0 fnt
|faint|p1a: Deoxys
|
|upkeep
|choice|switch 6|
|
|switch|p1a: Gumshoos|Gumshoos, L79, M|100\/100
|turn|8
|choice|move return|move scald
|
|move|p1a: Gumshoos|Return|p2a: Wishiwashi
|-damage|p2a: Wishiwashi|0 fnt
|faint|p2a: Wishiwashi
|
|upkeep
|choice||switch 5
|
|switch|p2a: Lickilicky|Lickilicky, L79, F|100\/100
|-ability|p2a: Lickilicky|Cloud Nine
|turn|9
|choice|move return|move bodyslam
|
|move|p2a: Lickilicky|Body Slam|p1a: Gumshoos
|-damage|p1a: Gumshoos|64\/100
|move|p1a: Gumshoos|Return|p2a: Lickilicky
|-damage|p2a: Lickilicky|25\/100
|
|-heal|p2a: Lickilicky|31\/100|[from] item: Leftovers
|upkeep
|turn|10
|choice|move return|move bodyslam
|
|move|p2a: Lickilicky|Body Slam|p1a: Gumshoos
|-damage|p1a: Gumshoos|24\/100
|move|p1a: Gumshoos|Return|p2a: Lickilicky
|-damage|p2a: Lickilicky|0 fnt
|faint|p2a: Lickilicky
|
|upkeep
|choice||switch 6
|
|switch|p2a: Mightyena|Mightyena, L79, F|100\/100
|turn|11
|choice|move return|move playrough
|
|move|p2a: Mightyena|Play Rough|p1a: Gumshoos
|-damage|p1a: Gumshoos|0 fnt
|faint|p1a: Gumshoos
|-ability|p2a: Mightyena|Moxie|boost
|-boost|p2a: Mightyena|atk|1
|
|upkeep
|choice|switch 2|
|
|switch|p1a: Simisear|Simisear, L79, M|88\/100 tox
|turn|12
|choice|move fireblast|move crunch
|
|move|p1a: Simisear|Fire Blast|p2a: Mightyena
|-damage|p2a: Mightyena|37\/100
|move|p2a: Mightyena|Crunch|p1a: Simisear
|-damage|p1a: Simisear|30\/100 tox
|
|-heal|p1a: Simisear|36\/100 tox|[from] item: Leftovers
|-damage|p1a: Simisear|30\/100 tox|[from] psn
|upkeep
|turn|13
|choice|move fireblast|move suckerpunch
|
|move|p2a: Mightyena|Sucker Punch|p1a: Simisear
|-damage|p1a: Simisear|0 fnt
|faint|p1a: Simisear
|-ability|p2a: Mightyena|Moxie|boost
|-boost|p2a: Mightyena|atk|1
|
|upkeep
|choice|switch 4|
|
|switch|p1a: Passimian|Passimian, L79, M|100\/100
|turn|14
|choice|move rocktomb|move playrough
|
|move|p1a: Passimian|Rock Tomb|p2a: Mightyena|[miss]
|-miss|p1a: Passimian|p2a: Mightyena
|move|p2a: Mightyena|Play Rough|p1a: Passimian
|-supereffective|p1a: Passimian
|-damage|p1a: Passimian|13\/100
|
|upkeep
|turn|15
|choice|move rocktomb|move playrough
|
|move|p1a: Passimian|Rock Tomb|p2a: Mightyena
|-damage|p2a: Mightyena|1\/100
|-unboost|p2a: Mightyena|spe|1
|move|p2a: Mightyena|Play Rough|p1a: Passimian
|-supereffective|p1a: Passimian
|-damage|p1a: Passimian|0 fnt
|faint|p1a: Passimian
|-ability|p2a: Mightyena|Moxie|boost
|-boost|p2a: Mightyena|atk|1
|
|upkeep
|choice|switch 3|
|
|switch|p1a: Charizard|Charizard, L75, M|100\/100
|turn|16
|choice|move airslash mega|move crunch
|
|detailschange|p1a: Charizard|Charizard-Mega-Y, L75, M
|-mega|p1a: Charizard|Charizard|Charizardite Y
|-weather|SunnyDay|[from] ability: Drought|[of] p1a: Charizard
|move|p1a: Charizard|Air Slash|p2a: Mightyena
|-damage|p2a: Mightyena|0 fnt
|faint|p2a: Mightyena
|
|-weather|SunnyDay|[upkeep]
|upkeep
|choice||switch 4
|
|switch|p2a: Bastiodon|Bastiodon, L79, F|100\/100
|-item|p2a: Bastiodon|Air Balloon
|turn|17
|choice|move fireblast|move rockblast
|
|move|p1a: Charizard|Fire Blast|p2a: Bastiodon
|-damage|p2a: Bastiodon|34\/100
|-enditem|p2a: Bastiodon|Air Balloon
|move|p2a: Bastiodon|Rock Blast|p1a: Charizard
|-supereffective|p1a: Charizard
|-crit|p1a: Charizard
|-damage|p1a: Charizard|49\/100
|-supereffective|p1a: Charizard
|-damage|p1a: Charizard|18\/100
|-hitcount|p1a: Charizard|2
|
|-weather|SunnyDay|[upkeep]
|upkeep
|turn|18
|choice|move fireblast|move rockblast
|
|move|p1a: Charizard|Fire Blast|p2a: Bastiodon
|-damage|p2a: Bastiodon|0 fnt
|faint|p2a: Bastiodon
|
|-weather|SunnyDay|[upkeep]
|upkeep
|choice||switch 2
|
|switch|p2a: Tropius|Tropius, L79, F|62\/100
|turn|19
|choice|move fireblast|move airslash
|
|move|p1a: Charizard|Fire Blast|p2a: Tropius|[miss]
|-miss|p1a: Charizard|p2a: Tropius
|move|p2a: Tropius|Air Slash|p1a: Charizard|[miss]
|-miss|p2a: Tropius|p1a: Charizard
|
|-weather|SunnyDay|[upkeep]
|upkeep
|turn|20
|choice|move airslash|move airslash
|
|move|p1a: Charizard|Air Slash|p2a: Tropius
|-supereffective|p2a: Tropius
|-damage|p2a: Tropius|0 fnt
|faint|p2a: Tropius
|
|-weather|none
|upkeep
|choice||switch 3
|
|switch|p2a: Sunflora|Sunflora, L79, M|100\/100
|turn|21
|choice|move fireblast|move hiddenpower
|
|move|p1a: Charizard|Fire Blast|p2a: Sunflora
|-supereffective|p2a: Sunflora
|-damage|p2a: Sunflora|0 fnt
|faint|p2a: Sunflora
|
|win|Nexforce
|l|Porygon-233</script>
</div>
<div class="battle-log battle-log-inline"><div class="inner"><div class="chat"><small>Nexforce joined.</small></div><div class="chat"><small>Porygon-233 joined.</small></div><div style="padding:5px 0"><small>Format:</small> <br><strong>[Gen 7] Random Battle</strong></div><div class="rated"><strong>Rated battle</strong></div><div><small><em>Sleep Clause Mod:</em> Limit one foe put to sleep</small></div><div><small><em>HP Percentage Mod:</em> HP is shown in percentages</small></div><div>Battle between Nexforce and Porygon-233 started!</div><div class="spacer"></div><div>Go! Passimian!</div><div class="spacer"></div><div>Porygon-233 sent out Lickilicky!</div><div><small>[Opposing <span class="battle-nickname-foe" title="Lickilicky">Lickilicky</span>'s Cloud Nine!]</small></div><div><small>The effects of the weather disappeared.</small></div><h2>Turn 1</h2><div class="chat message-error">Battle timer is ON: inactive players will automatically lose when time's up. (requested by Nexforce)</div><div class="spacer"></div><div>Porygon-233 withdrew Lickilicky!</div><div class="spacer"></div><div>Porygon-233 sent out Tropius!</div><div class="spacer"></div><div><span class="battle-nickname" title="Passimian">Passimian</span> used <strong>Close Combat</strong>!</div><div><small>It's not very effective... </small><small>The opposing <span class="battle-nickname-foe" title="Tropius">Tropius</span> lost 38% of its health!</small><br></div><div><small><span class="battle-nickname" title="Passimian">Passimian</span>'s Defense fell! <span class="battle-nickname" title="Passimian">Passimian</span>'s Special Defense fell! </small></div><h2>Turn 2</h2><div class="spacer"></div><div><span class="battle-nickname" title="Passimian">Passimian</span>, come back!</div><div class="spacer"></div><div>Go! Simisear!</div><div class="spacer"></div><div>The opposing <span class="battle-nickname-foe" title="Tropius">Tropius</span> used <strong>Toxic</strong>!</div><div><small><span class="battle-nickname" title="Simisear">Simisear</span> was badly poisoned!</small></div><div class="spacer"></div><div><small><span class="battle-nickname" title="Simisear">Simisear</span> was hurt by poison!</small></div><h2>Turn 3</h2><div class="spacer"></div><div>Porygon-233 withdrew Tropius!</div><div class="spacer"></div><div>Porygon-233 sent out Wishiwashi!</div><div><small>[Opposing <span class="battle-nickname-foe" title="Wishiwashi">Wishiwashi</span>'s Schooling!]</small></div><div><small>The opposing <span class="battle-nickname-foe" title="Wishiwashi">Wishiwashi</span> formed a school!</small></div><div class="spacer"></div><div><span class="battle-nickname" title="Simisear">Simisear</span> used <strong>Fire Blast</strong>!</div><div><small>It's not very effective... </small><small>The opposing <span class="battle-nickname-foe" title="Wishiwashi">Wishiwashi</span> lost 20% of its health!</small><br></div><div class="spacer"></div><div><small><span class="battle-nickname" title="Simisear">Simisear</span> restored a little HP using its Leftovers!</small></div><div><small><span class="battle-nickname" title="Simisear">Simisear</span> was hurt by poison!</small></div><h2>Turn 4</h2><div class="spacer"></div><div><span class="battle-nickname" title="Simisear">Simisear</span>, come back!</div><div class="spacer"></div><div>Go! Samurott!</div><div class="spacer"></div><div>The opposing <span class="battle-nickname-foe" title="Wishiwashi">Wishiwashi</span> used <strong>Scald</strong>!</div><div><small>It's not very effective... </small><small><span class="battle-nickname" title="Samurott">Samurott</span> lost 22% of its health!</small><br></div><h2>Turn 5</h2><div class="spacer"></div><div><span class="battle-nickname" title="Samurott">Samurott</span> used <strong>Swords Dance</strong>!</div><div><small><span class="battle-nickname" title="Samurott">Samurott</span>'s Attack rose sharply! </small></div><div class="spacer"></div><div>The opposing <span class="battle-nickname-foe" title="Wishiwashi">Wishiwashi</span> used <strong>Hidden Power</strong>!</div><div><small>It's super effective! </small><small><span class="battle-nickname" title="Samurott">Samurott</span> lost 51% of its health!</small><br></div><h2>Turn 6</h2><div class="spacer"></div><div><span class="battle-nickname" title="Samurott">Samurott</span> used <strong>Megahorn</strong>!</div><div><small>The opposing <span class="battle-nickname-foe" title="Wishiwashi">Wishiwashi</span> avoided the attack!</small></div><div class="spacer"></div><div>The opposing <span class="battle-nickname-foe" title="Wishiwashi">Wishiwashi</span> used <strong>Hidden Power</strong>!</div><div><small>It's super effective! </small><small><span class="battle-nickname" title="Samurott">Samurott</span> lost 27% of its health!</small><br></div><div class="spacer"></div><div><span class="battle-nickname" title="Samurott">Samurott</span> fainted!</div><div class="spacer"></div><div>Go! Deoxys!</div><div><small>[<span class="battle-nickname" title="Deoxys">Deoxys</span>'s Pressure!]</small></div><div><small><span class="battle-nickname" title="Deoxys">Deoxys</span> is exerting its pressure!</small></div><h2>Turn 7</h2><div class="spacer"></div><div><span class="battle-nickname" title="Deoxys">Deoxys</span> used <strong>Knock Off</strong>!</div><div><small>The opposing <span class="battle-nickname-foe" title="Wishiwashi">Wishiwashi</span> lost 39% of its health!</small><br></div><div><small><span class="battle-nickname" title="Deoxys">Deoxys</span> knocked off the opposing <span class="battle-nickname-foe" title="Wishiwashi">Wishiwashi</span>'s Expert Belt!</small></div><div><small><span class="battle-nickname" title="Deoxys">Deoxys</span> lost some of its HP!</small></div><div class="spacer"></div><div>The opposing <span class="battle-nickname-foe" title="Wishiwashi">Wishiwashi</span> used <strong>Scald</strong>!</div><div><small><span class="battle-nickname" title="Deoxys">Deoxys</span> lost 91% of its health!</small><br></div><div class="spacer"></div><div><span class="battle-nickname" title="Deoxys">Deoxys</span> fainted!</div><div class="spacer"></div><div>Go! Gumshoos!</div><h2>Turn 8</h2><div class="spacer"></div><div><span class="battle-nickname" title="Gumshoos">Gumshoos</span> used <strong>Return</strong>!</div><div><small>The opposing <span class="battle-nickname-foe" title="Wishiwashi">Wishiwashi</span> lost 41% of its health!</small><br></div><div class="spacer"></div><div>The opposing <span class="battle-nickname-foe" title="Wishiwashi">Wishiwashi</span> fainted!</div><div class="spacer"></div><div>Porygon-233 sent out Lickilicky!</div><div><small>[Opposing <span class="battle-nickname-foe" title="Lickilicky">Lickilicky</span>'s Cloud Nine!]</small></div><div><small>The effects of the weather disappeared.</small></div><h2>Turn 9</h2><div class="spacer"></div><div>The opposing <span class="battle-nickname-foe" title="Lickilicky">Lickilicky</span> used <strong>Body Slam</strong>!</div><div><small><span class="battle-nickname" title="Gumshoos">Gumshoos</span> lost 36% of its health!</small><br></div><div class="spacer"></div><div><span class="battle-nickname" title="Gumshoos">Gumshoos</span> used <strong>Return</strong>!</div><div><small>The opposing <span class="battle-nickname-foe" title="Lickilicky">Lickilicky</span> lost 75% of its health!</small><br></div><div class="spacer"></div><div><small>The opposing <span class="battle-nickname-foe" title="Lickilicky">Lickilicky</span> restored a little HP using its Leftovers!</small></div><h2>Turn 10</h2><div class="spacer"></div><div>The opposing <span class="battle-nickname-foe" title="Lickilicky">Lickilicky</span> used <strong>Body Slam</strong>!</div><div><small><span class="battle-nickname" title="Gumshoos">Gumshoos</span> lost 40% of its health!</small><br></div><div class="spacer"></div><div><span class="battle-nickname" title="Gumshoos">Gumshoos</span> used <strong>Return</strong>!</div><div><small>The opposing <span class="battle-nickname-foe" title="Lickilicky">Lickilicky</span> lost 31% of its health!</small><br></div><div class="spacer"></div><div>The opposing <span class="battle-nickname-foe" title="Lickilicky">Lickilicky</span> fainted!</div><div class="spacer"></div><div>Porygon-233 sent out Mightyena!</div><h2>Turn 11</h2><div class="spacer"></div><div>The opposing <span class="battle-nickname-foe" title="Mightyena">Mightyena</span> used <strong>Play Rough</strong>!</div><div><small><span class="battle-nickname" title="Gumshoos">Gumshoos</span> lost 24% of its health!</small><br></div><div class="spacer"></div><div><span class="battle-nickname" title="Gumshoos">Gumshoos</span> fainted!</div><div><small>[Opposing <span class="battle-nickname-foe" title="Mightyena">Mightyena</span>'s Moxie!]</small></div><div><small>The opposing <span class="battle-nickname-foe" title="Mightyena">Mightyena</span>'s Attack rose! </small></div><div class="spacer"></div><div>Go! Simisear!</div><h2>Turn 12</h2><div class="spacer"></div><div><span class="battle-nickname" title="Simisear">Simisear</span> used <strong>Fire Blast</strong>!</div><div><small>The opposing <span class="battle-nickname-foe" title="Mightyena">Mightyena</span> lost 63% of its health!</small><br></div><div class="spacer"></div><div>The opposing <span class="battle-nickname-foe" title="Mightyena">Mightyena</span> used <strong>Crunch</strong>!</div><div><small><span class="battle-nickname" title="Simisear">Simisear</span> lost 58% of its health!</small><br></div><div class="spacer"></div><div><small><span class="battle-nickname" title="Simisear">Simisear</span> restored a little HP using its Leftovers!</small></div><div><small><span class="battle-nickname" title="Simisear">Simisear</span> was hurt by poison!</small></div><h2>Turn 13</h2><div class="spacer"></div><div>The opposing <span class="battle-nickname-foe" title="Mightyena">Mightyena</span> used <strong>Sucker Punch</strong>!</div><div><small><span class="battle-nickname" title="Simisear">Simisear</span> lost 30% of its health!</small><br></div><div class="spacer"></div><div><span class="battle-nickname" title="Simisear">Simisear</span> fainted!</div><div><small>[Opposing <span class="battle-nickname-foe" title="Mightyena">Mightyena</span>'s Moxie!]</small></div><div><small>The opposing <span class="battle-nickname-foe" title="Mightyena">Mightyena</span>'s Attack rose! </small></div><div class="spacer"></div><div>Go! Passimian!</div><h2>Turn 14</h2><div class="spacer"></div><div><span class="battle-nickname" title="Passimian">Passimian</span> used <strong>Rock Tomb</strong>!</div><div><small>The opposing <span class="battle-nickname-foe" title="Mightyena">Mightyena</span> avoided the attack!</small></div><div class="spacer"></div><div>The opposing <span class="battle-nickname-foe" title="Mightyena">Mightyena</span> used <strong>Play Rough</strong>!</div><div><small>It's super effective! </small><small><span class="battle-nickname" title="Passimian">Passimian</span> lost 87% of its health!</small><br></div><h2>Turn 15</h2><div class="spacer"></div><div><span class="battle-nickname" title="Passimian">Passimian</span> used <strong>Rock Tomb</strong>!</div><div><small>The opposing <span class="battle-nickname-foe" title="Mightyena">Mightyena</span> lost 36% of its health!</small><br></div><div><small>The opposing <span class="battle-nickname-foe" title="Mightyena">Mightyena</span>'s Speed fell! </small></div><div class="spacer"></div><div>The opposing <span class="battle-nickname-foe" title="Mightyena">Mightyena</span> used <strong>Play Rough</strong>!</div><div><small>It's super effective! </small><small><span class="battle-nickname" title="Passimian">Passimian</span> lost 13% of its health!</small><br></div><div class="spacer"></div><div><span class="battle-nickname" title="Passimian">Passimian</span> fainted!</div><div><small>[Opposing <span class="battle-nickname-foe" title="Mightyena">Mightyena</span>'s Moxie!]</small></div><div><small>The opposing <span class="battle-nickname-foe" title="Mightyena">Mightyena</span>'s Attack rose! </small></div><div class="spacer"></div><div>Go! Charizard!</div><h2>Turn 16</h2><div class="spacer"></div><div><small><span class="battle-nickname" title="Charizard-Mega-Y">Charizard</span>'s Charizardite Y is reacting to Nexforce's Mega Bracelet!<br><span class="battle-nickname" title="Charizard-Mega-Y">Charizard</span> has Mega Evolved into Mega Charizard!</small></div><div><small>[<span class="battle-nickname" title="Charizard-Mega-Y">Charizard</span>'s Drought!]</small></div><div><small>The sunlight turned harsh!</small></div><div class="spacer"></div><div><span class="battle-nickname" title="Charizard-Mega-Y">Charizard</span> used <strong>Air Slash</strong>!</div><div><small>The opposing <span class="battle-nickname-foe" title="Mightyena">Mightyena</span> lost 1% of its health!</small><br></div><div class="spacer"></div><div>The opposing <span class="battle-nickname-foe" title="Mightyena">Mightyena</span> fainted!</div><div class="spacer"></div><div>Porygon-233 sent out Bastiodon!</div><div><small>The opposing <span class="battle-nickname-foe" title="Bastiodon">Bastiodon</span> floats in the air with its Air Balloon!</small></div><h2>Turn 17</h2><div class="spacer"></div><div><span class="battle-nickname" title="Charizard-Mega-Y">Charizard</span> used <strong>Fire Blast</strong>!</div><div><small>The opposing <span class="battle-nickname-foe" title="Bastiodon">Bastiodon</span> lost 66% of its health!</small><br></div><div><small>The opposing <span class="battle-nickname-foe" title="Bastiodon">Bastiodon</span>'s Air Balloon popped!</small></div><div class="spacer"></div><div>The opposing <span class="battle-nickname-foe" title="Bastiodon">Bastiodon</span> used <strong>Rock Blast</strong>!</div><div><small>It's super effective! A critical hit! </small><small><span class="battle-nickname" title="Charizard-Mega-Y">Charizard</span> lost 51% of its health!</small><br></div><div><small>It's super effective! </small><small><span class="battle-nickname" title="Charizard-Mega-Y">Charizard</span> lost 31% of its health!</small><br></div><div><small>Hit 2 times!</small></div><h2>Turn 18</h2><div class="spacer"></div><div><span class="battle-nickname" title="Charizard-Mega-Y">Charizard</span> used <strong>Fire Blast</strong>!</div><div><small>The opposing <span class="battle-nickname-foe" title="Bastiodon">Bastiodon</span> lost 34% of its health!</small><br></div><div class="spacer"></div><div>The opposing <span class="battle-nickname-foe" title="Bastiodon">Bastiodon</span> fainted!</div><div class="spacer"></div><div>Porygon-233 sent out Tropius!</div><h2>Turn 19</h2><div class="spacer"></div><div><span class="battle-nickname" title="Charizard-Mega-Y">Charizard</span> used <strong>Fire Blast</strong>!</div><div><small>The opposing <span class="battle-nickname-foe" title="Tropius">Tropius</span> avoided the attack!</small></div><div class="spacer"></div><div>The opposing <span class="battle-nickname-foe" title="Tropius">Tropius</span> used <strong>Air Slash</strong>!</div><div><small><span class="battle-nickname" title="Charizard-Mega-Y">Charizard</span> avoided the attack!</small></div><h2>Turn 20</h2><div class="spacer"></div><div><span class="battle-nickname" title="Charizard-Mega-Y">Charizard</span> used <strong>Air Slash</strong>!</div><div><small>It's super effective! </small><small>The opposing <span class="battle-nickname-foe" title="Tropius">Tropius</span> lost 62% of its health!</small><br></div><div class="spacer"></div><div>The opposing <span class="battle-nickname-foe" title="Tropius">Tropius</span> fainted!</div><div class="spacer"></div><div><small>The sunlight faded.</small></div><div class="spacer"></div><div>Porygon-233 sent out Sunflora!</div><h2>Turn 21</h2><div class="spacer"></div><div><span class="battle-nickname" title="Charizard-Mega-Y">Charizard</span> used <strong>Fire Blast</strong>!</div><div><small>It's super effective! </small><small>The opposing <span class="battle-nickname-foe" title="Sunflora">Sunflora</span> lost 100% of its health!</small><br></div><div class="spacer"></div><div>The opposing <span class="battle-nickname-foe" title="Sunflora">Sunflora</span> fainted!</div><div class="spacer"></div><div>Nexforce won the battle!</div><div class="chat"><small>Porygon-233 left.</small></div></div></div>
</div>
<script>
var daily = Math.floor(Date.now()/1000/60/60/24);document.write('<script src="https://play.pokemonshowdown.com/js/replay-embed.js?version'+daily+'"></'+'script>');
</script>
