<!DOCTYPE html>
<meta charset="utf-8" />
<!-- version 1 -->
<title>[Gen 7] Random Battle replay: noobslayer231 vs. InterestingEevee</title>
<style>
html,body {font-family:Verdana, sans-serif;font-size:10pt;margin:0;padding:0;}body{padding:12px 0;} .battle-log {font-family:Verdana, sans-serif;font-size:10pt;} .battle-log-inline {border:1px solid #AAAAAA;background:#EEF2F5;color:black;max-width:640px;margin:0 auto 80px;padding-bottom:5px;} .battle-log .inner {padding:4px 8px 0px 8px;} .battle-log .inner-preempt {padding:0 8px 4px 8px;} .battle-log .inner-after {margin-top:0.5em;} .battle-log h2 {margin:0.5em -8px;padding:4px 8px;border:1px solid #AAAAAA;background:#E0E7EA;border-left:0;border-right:0;font-family:Verdana, sans-serif;font-size:13pt;} .battle-log .chat {vertical-align:middle;padding:3px 0 3px 0;font-size:8pt;} .battle-log .chat strong {color:#40576A;} .battle-log .chat em {padding:1px 4px 1px 3px;color:#000000;font-style:normal;} .chat.mine {background:rgba(0,0,0,0.05);margin-left:-8px;margin-right:-8px;padding-left:8px;padding-right:8px;} .spoiler {color:#BBBBBB;background:#BBBBBB;padding:0px 3px;} .spoiler:hover, .spoiler:active, .spoiler-shown {color:#000000;background:#E2E2E2;padding:0px 3px;} .spoiler a {color:#BBBBBB;} .spoiler:hover a, .spoiler:active a, .spoiler-shown a {color:#2288CC;} .chat code, .chat .spoiler:hover code, .chat .spoiler:active code, .chat .spoiler-shown code {border:1px solid #C0C0C0;background:#EEEEEE;color:black;padding:0 2px;} .chat .spoiler code {border:1px solid #CCCCCC;background:#CCCCCC;color:#CCCCCC;} .battle-log .rated {padding:3px 4px;} .battle-log .rated strong {color:white;background:#89A;padding:1px 4px;border-radius:4px;} .spacer {margin-top:0.5em;} .message-announce {background:#6688AA;color:white;padding:1px 4px 2px;} .message-announce a, .broadcast-green a, .broadcast-blue a, .broadcast-red a {color:#DDEEFF;} .broadcast-green {background-color:#559955;color:white;padding:2px 4px;} .broadcast-blue {background-color:#6688AA;color:white;padding:2px 4px;} .infobox {border:1px solid #6688AA;padding:2px 4px;} .infobox-limited {max-height:200px;overflow:auto;overflow-x:hidden;} .broadcast-red {background-color:#AA5544;color:white;padding:2px 4px;} .message-learn-canlearn {font-weight:bold;color:#228822;text-decoration:underline;} .message-learn-cannotlearn {font-weight:bold;color:#CC2222;text-decoration:underline;} .message-effect-weak {font-weight:bold;color:#CC2222;} .message-effect-resist {font-weight:bold;color:#6688AA;} .message-effect-immune {font-weight:bold;color:#666666;} .message-learn-list {margin-top:0;margin-bottom:0;} .message-throttle-notice, .message-error {color:#992222;} .message-overflow, .chat small.message-overflow {font-size:0pt;} .message-overflow::before {font-size:9pt;content:'...';} .subtle {color:#3A4A66;}
</style>
<div class="wrapper replay-wrapper" style="max-width:1180px;margin:0 auto">
<input type="hidden" name="replayid" value="gen7randombattle-566850058" />
<div class="battle"></div><div class="battle-log"></div><div class="replay-controls"></div><div class="replay-controls-2"></div>
<h1 style="font-weight:normal;text-align:center"><strong>[Gen 7] Random Battle</strong><br /><a href="http://pokemonshowdown.com/users/noobslayer231" class="subtle" target="_blank">noobslayer231</a> vs. <a href="http://pokemonshowdown.com/users/interestingeevee" class="subtle" target="_blank">InterestingEevee</a></h1>
<script type="text/plain" class="battle-log-data">|J|noobslayer231
|j|InterestingEevee
|player|p1|noobslayer231|169
|player|p2|InterestingEevee|169
|gametype|singles
|gen|7
|tier|[Gen 7] Random Battle
|rated
|seed|52702,42220,25080,64023,60604,54764,24356,39526,54342,43695,56698,25082
|rule|Sleep Clause Mod: Limit one foe put to sleep
|rule|HP Percentage Mod: HP is shown in percentages
|
|start
|switch|p1a: Hariyama|Hariyama, L79, F|100\/100
|switch|p2a: Latias|Latias, L75, F|100\/100
|turn|1
|L|noobslayer231
|player|p1|
|inactive|Battle timer is ON: inactive players will automatically lose when time's up. (requested by InterestingEevee)
|J|noobslayer231
|player|p1|noobslayer231|169
|choice|switch 6|move psyshock mega
|
|switch|p1a: Umbreon|Umbreon, L79, M|100\/100
|detailschange|p2a: Latias|Latias-Mega, L75, F
|-mega|p2a: Latias|Latias|Latiasite
|move|p2a: Latias|Psyshock|p1a: Umbreon
|-immune|p1a: Umbreon|[msg]
|
|upkeep
|turn|2
|choice|move toxic|move dragonpulse
|
|move|p2a: Latias|Dragon Pulse|p1a: Umbreon
|-damage|p1a: Umbreon|75\/100
|move|p1a: Umbreon|Toxic|p2a: Latias
|-status|p2a: Latias|tox
|
|-heal|p1a: Umbreon|81\/100|[from] item: Leftovers
|-damage|p2a: Latias|94\/100 tox|[from] psn
|upkeep
|turn|3
|-message|InterestingEevee forfeited.
|
|win|noobslayer231
|l|InterestingEevee</script>
</div>
<div class="battle-log battle-log-inline"><div class="inner"><div class="chat"><small>InterestingEevee joined.</small></div><div style="padding:5px 0"><small>Format:</small> <br><strong>[Gen 7] Random Battle</strong></div><div class="rated"><strong>Rated battle</strong></div><div><small><em>Sleep Clause Mod:</em> Limit one foe put to sleep</small></div><div><small><em>HP Percentage Mod:</em> HP is shown in percentages</small></div><div>Battle between noobslayer231 and InterestingEevee started!</div><div class="spacer"></div><div>Go! Hariyama!</div><div class="spacer"></div><div>InterestingEevee sent out Latias!</div><h2>Turn 1</h2><div class="chat message-error">Battle timer is ON: inactive players will automatically lose when time's up. (requested by InterestingEevee)</div><div class="spacer"></div><div><span class="battle-nickname" title="Hariyama">Hariyama</span>, come back!</div><div class="spacer"></div><div>Go! Umbreon!</div><div class="spacer"></div><div><small>The opposing <span class="battle-nickname-foe" title="Latias-Mega">Latias</span>'s Latiasite is reacting to InterestingEevee's Mega Bracelet!<br>The opposing <span class="battle-nickname-foe" title="Latias-Mega">Latias</span> has Mega Evolved into Mega Latias!</small></div><div class="spacer"></div><div>The opposing <span class="battle-nickname-foe" title="Latias-Mega">Latias</span> used <strong>Psyshock</strong>!</div><div><small>It doesn't affect <span class="battle-nickname" title="Umbreon">Umbreon</span>... </small></div><h2>Turn 2</h2><div class="spacer"></div><div>The opposing <span class="battle-nickname-foe" title="Latias-Mega">Latias</span> used <strong>Dragon Pulse</strong>!</div><div><small><span class="battle-nickname" title="Umbreon">Umbreon</span> lost 25% of its health!</small><br></div><div class="spacer"></div><div><span class="battle-nickname" title="Umbreon">Umbreon</span> used <strong>Toxic</strong>!</div><div><small>The opposing <span class="battle-nickname-foe" title="Latias-Mega">Latias</span> was badly poisoned!</small></div><div class="spacer"></div><div><small><span class="battle-nickname" title="Umbreon">Umbreon</span> restored a little HP using its Leftovers!</small></div><div><small>The opposing <span class="battle-nickname-foe" title="Latias-Mega">Latias</span> was hurt by poison!</small></div><h2>Turn 3</h2><div class="spacer"></div><div><small>InterestingEevee forfeited.</small></div><div class="spacer"></div><div>noobslayer231 won the battle!</div><div class="chat"><small>InterestingEevee left.</small></div></div></div>
</div>
<script>
var daily = Math.floor(Date.now()/1000/60/60/24);document.write('<script src="https://play.pokemonshowdown.com/js/replay-embed.js?version'+daily+'"></'+'script>');
</script>
