<!DOCTYPE html>
<meta charset="utf-8" />
<!-- version 1 -->
<title>[Gen 7] Random Battle replay: rooniax vs. Texugp</title>
<style>
html,body {font-family:Verdana, sans-serif;font-size:10pt;margin:0;padding:0;}body{padding:12px 0;} .battle-log {font-family:Verdana, sans-serif;font-size:10pt;} .battle-log-inline {border:1px solid #AAAAAA;background:#EEF2F5;color:black;max-width:640px;margin:0 auto 80px;padding-bottom:5px;} .battle-log .inner {padding:4px 8px 0px 8px;} .battle-log .inner-preempt {padding:0 8px 4px 8px;} .battle-log .inner-after {margin-top:0.5em;} .battle-log h2 {margin:0.5em -8px;padding:4px 8px;border:1px solid #AAAAAA;background:#E0E7EA;border-left:0;border-right:0;font-family:Verdana, sans-serif;font-size:13pt;} .battle-log .chat {vertical-align:middle;padding:3px 0 3px 0;font-size:8pt;} .battle-log .chat strong {color:#40576A;} .battle-log .chat em {padding:1px 4px 1px 3px;color:#000000;font-style:normal;} .chat.mine {background:rgba(0,0,0,0.05);margin-left:-8px;margin-right:-8px;padding-left:8px;padding-right:8px;} .spoiler {color:#BBBBBB;background:#BBBBBB;padding:0px 3px;} .spoiler:hover, .spoiler:active, .spoiler-shown {color:#000000;background:#E2E2E2;padding:0px 3px;} .spoiler a {color:#BBBBBB;} .spoiler:hover a, .spoiler:active a, .spoiler-shown a {color:#2288CC;} .chat code, .chat .spoiler:hover code, .chat .spoiler:active code, .chat .spoiler-shown code {border:1px solid #C0C0C0;background:#EEEEEE;color:black;padding:0 2px;} .chat .spoiler code {border:1px solid #CCCCCC;background:#CCCCCC;color:#CCCCCC;} .battle-log .rated {padding:3px 4px;} .battle-log .rated strong {color:white;background:#89A;padding:1px 4px;border-radius:4px;} .spacer {margin-top:0.5em;} .message-announce {background:#6688AA;color:white;padding:1px 4px 2px;} .message-announce a, .broadcast-green a, .broadcast-blue a, .broadcast-red a {color:#DDEEFF;} .broadcast-green {background-color:#559955;color:white;padding:2px 4px;} .broadcast-blue {background-color:#6688AA;color:white;padding:2px 4px;} .infobox {border:1px solid #6688AA;padding:2px 4px;} .infobox-limited {max-height:200px;overflow:auto;overflow-x:hidden;} .broadcast-red {background-color:#AA5544;color:white;padding:2px 4px;} .message-learn-canlearn {font-weight:bold;color:#228822;text-decoration:underline;} .message-learn-cannotlearn {font-weight:bold;color:#CC2222;text-decoration:underline;} .message-effect-weak {font-weight:bold;color:#CC2222;} .message-effect-resist {font-weight:bold;color:#6688AA;} .message-effect-immune {font-weight:bold;color:#666666;} .message-learn-list {margin-top:0;margin-bottom:0;} .message-throttle-notice, .message-error {color:#992222;} .message-overflow, .chat small.message-overflow {font-size:0pt;} .message-overflow::before {font-size:9pt;content:'...';} .subtle {color:#3A4A66;}
</style>
<div class="wrapper replay-wrapper" style="max-width:1180px;margin:0 auto">
<input type="hidden" name="replayid" value="gen7randombattle-566947700" />
<div class="battle"></div><div class="battle-log"></div><div class="replay-controls"></div><div class="replay-controls-2"></div>
<h1 style="font-weight:normal;text-align:center"><strong>[Gen 7] Random Battle</strong><br /><a href="http://pokemonshowdown.com/users/rooniax" class="subtle" target="_blank">rooniax</a> vs. <a href="http://pokemonshowdown.com/users/texugp" class="subtle" target="_blank">Texugp</a></h1>
<script type="text/plain" class="battle-log-data">|j|rooniax
|j|Texugp
|player|p1|rooniax|101
|player|p2|Texugp|265
|gametype|singles
|gen|7
|tier|[Gen 7] Random Battle
|rated
|seed|49209,21288,35822,51270,21313,62982,60897,57046,58137,62717,25069,15631
|rule|Sleep Clause Mod: Limit one foe put to sleep
|rule|HP Percentage Mod: HP is shown in percentages
|
|start
|switch|p1a: Politoed|Politoed, L76, F|100\/100
|switch|p2a: Tapu Fini|Tapu Fini, L75|100\/100
|-fieldstart|move: Misty Terrain|[from] ability: Misty Surge|[of] p2a: Tapu Fini
|-weather|RainDance|[from] ability: Drizzle|[of] p1a: Politoed
|turn|1
|choice|switch 3|move substitute
|
|switch|p1a: Rotom|Rotom-Frost, L79|100\/100
|move|p2a: Tapu Fini|Substitute|p2a: Tapu Fini
|-start|p2a: Tapu Fini|Substitute
|-damage|p2a: Tapu Fini|76\/100
|
|-weather|RainDance|[upkeep]
|-heal|p2a: Tapu Fini|82\/100|[from] item: Leftovers
|upkeep
|turn|2
|choice|move voltswitch|move hydropump
|
|move|p1a: Rotom|Volt Switch|p2a: Tapu Fini
|-supereffective|p2a: Tapu Fini
|-end|p2a: Tapu Fini|Substitute
|-damage|p1a: Rotom|91\/100|[from] item: Life Orb
|choice|switch 4|
|
|switch|p1a: Carbink|Carbink, L79|100\/100
|move|p2a: Tapu Fini|Hydro Pump|p1a: Carbink
|-supereffective|p1a: Carbink
|-damage|p1a: Carbink|12\/100
|
|-weather|RainDance|[upkeep]
|-heal|p2a: Tapu Fini|88\/100|[from] item: Leftovers
|upkeep
|turn|3
|choice|switch 4|move icebeam
|
|switch|p1a: Rotom|Rotom-Frost, L79|91\/100
|move|p2a: Tapu Fini|Ice Beam|p1a: Rotom
|-resisted|p1a: Rotom
|-damage|p1a: Rotom|80\/100
|
|-weather|RainDance|[upkeep]
|-heal|p2a: Tapu Fini|94\/100|[from] item: Leftovers
|upkeep
|turn|4
|choice|move thunderbolt|switch 2
|
|switch|p2a: Groudon|Groudon, L73|100\/100
|detailschange|p2a: Groudon|Groudon-Primal, L73
|-primal|p2a: Groudon
|-weather|DesolateLand|[from] ability: Desolate Land|[of] p2a: Groudon
|move|p1a: Rotom|Thunderbolt|p2a: Groudon
|-immune|p2a: Groudon|[msg]
|
|-weather|DesolateLand|[upkeep]
|upkeep
|turn|5
|choice|switch 4|move stealthrock
|
|switch|p1a: Carbink|Carbink, L79|12\/100
|move|p2a: Groudon|Stealth Rock|p1a: Carbink
|-sidestart|p1: rooniax|move: Stealth Rock
|
|-weather|DesolateLand|[upkeep]
|-fieldend|Misty Terrain
|upkeep
|turn|6
|choice|move reflect|move overheat
|
|move|p2a: Groudon|Overheat|p1a: Carbink
|-resisted|p1a: Carbink
|-crit|p1a: Carbink
|-damage|p1a: Carbink|0 fnt
|-unboost|p2a: Groudon|spa|2
|faint|p1a: Carbink
|
|-weather|DesolateLand|[upkeep]
|upkeep
|choice|switch 5|
|
|switch|p1a: Snorlax|Snorlax, L79, F|100\/100
|-damage|p1a: Snorlax|88\/100|[from] Stealth Rock
|turn|7
|choice|move bodyslam|move precipiceblades
|
|move|p2a: Groudon|Precipice Blades|p1a: Snorlax
|-crit|p1a: Snorlax
|-damage|p1a: Snorlax|8\/100
|move|p1a: Snorlax|Body Slam|p2a: Groudon
|-damage|p2a: Groudon|77\/100
|
|-weather|DesolateLand|[upkeep]
|-heal|p1a: Snorlax|14\/100|[from] item: Leftovers
|upkeep
|turn|8
|choice|switch 4|move overheat
|
|switch|p1a: Rotom|Rotom-Frost, L79|80\/100
|-damage|p1a: Rotom|55\/100|[from] Stealth Rock
|move|p2a: Groudon|Overheat|p1a: Rotom|[miss]
|-miss|p2a: Groudon|p1a: Rotom
|
|-weather|DesolateLand|[upkeep]
|upkeep
|turn|9
|choice|move painsplit|move overheat
|
|move|p1a: Rotom|Pain Split|p2a: Groudon
|-sethp|p2a: Groudon|60\/100|p1a: Rotom|76\/100|[from] move: Pain Split
|move|p2a: Groudon|Overheat|p1a: Rotom
|-supereffective|p1a: Rotom
|-damage|p1a: Rotom|0 fnt
|-unboost|p2a: Groudon|spa|2
|faint|p1a: Rotom
|
|-weather|DesolateLand|[upkeep]
|upkeep
|choice|switch 6|
|
|switch|p1a: Aerodactyl|Aerodactyl, L79, F|100\/100
|-damage|p1a: Aerodactyl|76\/100|[from] Stealth Rock
|turn|10
|-message|rooniax forfeited.
|
|win|Texugp
|l|rooniax</script>
</div>
<div class="battle-log battle-log-inline"><div class="inner"><div class="chat"><small>rooniax joined.</small></div><div class="chat"><small>Texugp joined.</small></div><div style="padding:5px 0"><small>Format:</small> <br><strong>[Gen 7] Random Battle</strong></div><div class="rated"><strong>Rated battle</strong></div><div><small><em>Sleep Clause Mod:</em> Limit one foe put to sleep</small></div><div><small><em>HP Percentage Mod:</em> HP is shown in percentages</small></div><div>Battle between rooniax and Texugp started!</div><div class="spacer"></div><div>Go! Politoed!</div><div class="spacer"></div><div>Texugp sent out Tapu Fini!</div><div><small>[Opposing <span class="battle-nickname-foe" title="Tapu Fini">Tapu Fini</span>'s Misty Surge!]</small></div><div><small>Mist swirls around the battlefield!</small></div><div><small>[<span class="battle-nickname" title="Politoed">Politoed</span>'s Drizzle!]</small></div><div><small>It started to rain!</small></div><h2>Turn 1</h2><div class="spacer"></div><div><span class="battle-nickname" title="Politoed">Politoed</span>, come back!</div><div class="spacer"></div><div>Go! <span class="battle-nickname" title="Rotom-Frost">Rotom <small>(Rotom-Frost)</small></span>!</div><div class="spacer"></div><div>The opposing <span class="battle-nickname-foe" title="Tapu Fini">Tapu Fini</span> used <strong>Substitute</strong>!</div><div><small>The opposing <span class="battle-nickname-foe" title="Tapu Fini">Tapu Fini</span> put in a substitute!</small></div><div><small>The opposing <span class="battle-nickname-foe" title="Tapu Fini">Tapu Fini</span> lost 24% of its health!</small><br></div><div class="spacer"></div><div><small>The opposing <span class="battle-nickname-foe" title="Tapu Fini">Tapu Fini</span> restored a little HP using its Leftovers!</small></div><h2>Turn 2</h2><div class="spacer"></div><div><span class="battle-nickname" title="Rotom-Frost">Rotom</span> used <strong>Volt Switch</strong>!</div><div><small>It's super effective! The opposing <span class="battle-nickname-foe" title="Tapu Fini">Tapu Fini</span>'s substitute faded!</small></div><div><small><span class="battle-nickname" title="Rotom-Frost">Rotom</span> lost some of its HP!</small></div><div class="spacer"></div><div><span class="battle-nickname" title="Rotom-Frost">Rotom</span> went back to rooniax!</div><div class="spacer"></div><div>Go! Carbink!</div><div class="spacer"></div><div>The opposing <span class="battle-nickname-foe" title="Tapu Fini">Tapu Fini</span> used <strong>Hydro Pump</strong>!</div><div><small>It's super effective! </small><small><span class="battle-nickname" title="Carbink">Carbink</span> lost 88% of its health!</small><br></div><div class="spacer"></div><div><small>The opposing <span class="battle-nickname-foe" title="Tapu Fini">Tapu Fini</span> restored a little HP using its Leftovers!</small></div><h2>Turn 3</h2><div class="spacer"></div><div><span class="battle-nickname" title="Carbink">Carbink</span>, come back!</div><div class="spacer"></div><div>Go! <span class="battle-nickname" title="Rotom-Frost">Rotom <small>(Rotom-Frost)</small></span>!</div><div class="spacer"></div><div>The opposing <span class="battle-nickname-foe" title="Tapu Fini">Tapu Fini</span> used <strong>Ice Beam</strong>!</div><div><small>It's not very effective... </small><small><span class="battle-nickname" title="Rotom-Frost">Rotom</span> lost 11% of its health!</small><br></div><div class="spacer"></div><div><small>The opposing <span class="battle-nickname-foe" title="Tapu Fini">Tapu Fini</span> restored a little HP using its Leftovers!</small></div><h2>Turn 4</h2><div class="spacer"></div><div>Texugp withdrew Tapu Fini!</div><div class="spacer"></div><div>Texugp sent out Groudon!</div><div class="spacer"></div><div><small>The opposing <span class="battle-nickname-foe" title="Groudon-Primal">Groudon</span>'s Primal Reversion! It reverted to its primal state!</small></div><div><small>[Opposing <span class="battle-nickname-foe" title="Groudon-Primal">Groudon</span>'s Desolate Land!]</small></div><div><small>The sunlight turned extremely harsh!</small></div><div class="spacer"></div><div><span class="battle-nickname" title="Rotom-Frost">Rotom</span> used <strong>Thunderbolt</strong>!</div><div><small>It doesn't affect the opposing <span class="battle-nickname-foe" title="Groudon-Primal">Groudon</span>... </small></div><h2>Turn 5</h2><div class="spacer"></div><div><span class="battle-nickname" title="Rotom-Frost">Rotom</span>, come back!</div><div class="spacer"></div><div>Go! Carbink!</div><div class="spacer"></div><div>The opposing <span class="battle-nickname-foe" title="Groudon-Primal">Groudon</span> used <strong>Stealth Rock</strong>!</div><div><small>Pointed stones float in the air around your team!</small></div><div class="spacer"></div><div><small>The mist disappeared from the battlefield.</small></div><h2>Turn 6</h2><div class="spacer"></div><div>The opposing <span class="battle-nickname-foe" title="Groudon-Primal">Groudon</span> used <strong>Overheat</strong>!</div><div><small>It's not very effective... A critical hit! </small><small><span class="battle-nickname" title="Carbink">Carbink</span> lost 12% of its health!</small><br></div><div><small>The opposing <span class="battle-nickname-foe" title="Groudon-Primal">Groudon</span>'s Special Attack fell harshly! </small></div><div class="spacer"></div><div><span class="battle-nickname" title="Carbink">Carbink</span> fainted!</div><div class="spacer"></div><div>Go! Snorlax!</div><div><small>Pointed stones dug into <span class="battle-nickname" title="Snorlax">Snorlax</span>!</small></div><h2>Turn 7</h2><div class="spacer"></div><div>The opposing <span class="battle-nickname-foe" title="Groudon-Primal">Groudon</span> used <strong>Precipice Blades</strong>!</div><div><small>A critical hit! </small><small><span class="battle-nickname" title="Snorlax">Snorlax</span> lost 80% of its health!</small><br></div><div class="spacer"></div><div><span class="battle-nickname" title="Snorlax">Snorlax</span> used <strong>Body Slam</strong>!</div><div><small>The opposing <span class="battle-nickname-foe" title="Groudon-Primal">Groudon</span> lost 23% of its health!</small><br></div><div class="spacer"></div><div><small><span class="battle-nickname" title="Snorlax">Snorlax</span> restored a little HP using its Leftovers!</small></div><h2>Turn 8</h2><div class="spacer"></div><div><span class="battle-nickname" title="Snorlax">Snorlax</span>, come back!</div><div class="spacer"></div><div>Go! <span class="battle-nickname" title="Rotom-Frost">Rotom <small>(Rotom-Frost)</small></span>!</div><div><small>Pointed stones dug into <span class="battle-nickname" title="Rotom-Frost">Rotom</span>!</small></div><div class="spacer"></div><div>The opposing <span class="battle-nickname-foe" title="Groudon-Primal">Groudon</span> used <strong>Overheat</strong>!</div><div><small><span class="battle-nickname" title="Rotom-Frost">Rotom</span> avoided the attack!</small></div><h2>Turn 9</h2><div class="spacer"></div><div><span class="battle-nickname" title="Rotom-Frost">Rotom</span> used <strong>Pain Split</strong>!</div><div><small>The battlers shared their pain!</small></div><div class="spacer"></div><div>The opposing <span class="battle-nickname-foe" title="Groudon-Primal">Groudon</span> used <strong>Overheat</strong>!</div><div><small>It's super effective! </small><small><span class="battle-nickname" title="Rotom-Frost">Rotom</span> lost 76% of its health!</small><br></div><div><small>The opposing <span class="battle-nickname-foe" title="Groudon-Primal">Groudon</span>'s Special Attack fell harshly! </small></div><div class="spacer"></div><div><span class="battle-nickname" title="Rotom-Frost">Rotom</span> fainted!</div><div class="spacer"></div><div>Go! Aerodactyl!</div><div><small>Pointed stones dug into <span class="battle-nickname" title="Aerodactyl">Aerodactyl</span>!</small></div><h2>Turn 10</h2><div class="spacer"></div><div><small>rooniax forfeited.</small></div><div class="spacer"></div><div>Texugp won the battle!</div><div class="chat"><small>rooniax left.</small></div></div></div>
</div>
<script>
var daily = Math.floor(Date.now()/1000/60/60/24);document.write('<script src="https://play.pokemonshowdown.com/js/replay-embed.js?version'+daily+'"></'+'script>');
</script>
