<!DOCTYPE html>
<meta charset="utf-8" />
<!-- version 1 -->
<title>[Gen 7] Random Battle replay: LegendaryUllr vs. cbncvncncvbnv</title>
<style>
html,body {font-family:Verdana, sans-serif;font-size:10pt;margin:0;padding:0;}body{padding:12px 0;} .battle-log {font-family:Verdana, sans-serif;font-size:10pt;} .battle-log-inline {border:1px solid #AAAAAA;background:#EEF2F5;color:black;max-width:640px;margin:0 auto 80px;padding-bottom:5px;} .battle-log .inner {padding:4px 8px 0px 8px;} .battle-log .inner-preempt {padding:0 8px 4px 8px;} .battle-log .inner-after {margin-top:0.5em;} .battle-log h2 {margin:0.5em -8px;padding:4px 8px;border:1px solid #AAAAAA;background:#E0E7EA;border-left:0;border-right:0;font-family:Verdana, sans-serif;font-size:13pt;} .battle-log .chat {vertical-align:middle;padding:3px 0 3px 0;font-size:8pt;} .battle-log .chat strong {color:#40576A;} .battle-log .chat em {padding:1px 4px 1px 3px;color:#000000;font-style:normal;} .chat.mine {background:rgba(0,0,0,0.05);margin-left:-8px;margin-right:-8px;padding-left:8px;padding-right:8px;} .spoiler {color:#BBBBBB;background:#BBBBBB;padding:0px 3px;} .spoiler:hover, .spoiler:active, .spoiler-shown {color:#000000;background:#E2E2E2;padding:0px 3px;} .spoiler a {color:#BBBBBB;} .spoiler:hover a, .spoiler:active a, .spoiler-shown a {color:#2288CC;} .chat code, .chat .spoiler:hover code, .chat .spoiler:active code, .chat .spoiler-shown code {border:1px solid #C0C0C0;background:#EEEEEE;color:black;padding:0 2px;} .chat .spoiler code {border:1px solid #CCCCCC;background:#CCCCCC;color:#CCCCCC;} .battle-log .rated {padding:3px 4px;} .battle-log .rated strong {color:white;background:#89A;padding:1px 4px;border-radius:4px;} .spacer {margin-top:0.5em;} .message-announce {background:#6688AA;color:white;padding:1px 4px 2px;} .message-announce a, .broadcast-green a, .broadcast-blue a, .broadcast-red a {color:#DDEEFF;} .broadcast-green {background-color:#559955;color:white;padding:2px 4px;} .broadcast-blue {background-color:#6688AA;color:white;padding:2px 4px;} .infobox {border:1px solid #6688AA;padding:2px 4px;} .infobox-limited {max-height:200px;overflow:auto;overflow-x:hidden;} .broadcast-red {background-color:#AA5544;color:white;padding:2px 4px;} .message-learn-canlearn {font-weight:bold;color:#228822;text-decoration:underline;} .message-learn-cannotlearn {font-weight:bold;color:#CC2222;text-decoration:underline;} .message-effect-weak {font-weight:bold;color:#CC2222;} .message-effect-resist {font-weight:bold;color:#6688AA;} .message-effect-immune {font-weight:bold;color:#666666;} .message-learn-list {margin-top:0;margin-bottom:0;} .message-throttle-notice, .message-error {color:#992222;} .message-overflow, .chat small.message-overflow {font-size:0pt;} .message-overflow::before {font-size:9pt;content:'...';} .subtle {color:#3A4A66;}
</style>
<div class="wrapper replay-wrapper" style="max-width:1180px;margin:0 auto">
<input type="hidden" name="replayid" value="gen7randombattle-566568563" />
<div class="battle"></div><div class="battle-log"></div><div class="replay-controls"></div><div class="replay-controls-2"></div>
<h1 style="font-weight:normal;text-align:center"><strong>[Gen 7] Random Battle</strong><br /><a href="http://pokemonshowdown.com/users/legendaryullr" class="subtle" target="_blank">LegendaryUllr</a> vs. <a href="http://pokemonshowdown.com/users/cbncvncncvbnv" class="subtle" target="_blank">cbncvncncvbnv</a></h1>
<script type="text/plain" class="battle-log-data">|j|LegendaryUllr
|j|cbncvncncvbnv
|player|p1|LegendaryUllr|169
|player|p2|cbncvncncvbnv|205
|gametype|singles
|gen|7
|tier|[Gen 7] Random Battle
|rated
|seed|34124,45306,62105,16349,42737,2994,2329,27950,46976,12171,34128,17227
|rule|Sleep Clause Mod: Limit one foe put to sleep
|rule|HP Percentage Mod: HP is shown in percentages
|
|start
|switch|p1a: Vileplume|Vileplume, L79, F|100\/100
|switch|p2a: Furret|Furret, L79, F|100\/100
|-item|p1a: Vileplume|Life Orb|[from] ability: Frisk|[of] p2a: Furret|[identify]
|turn|1
|choice|move gigadrain|move trick
|
|move|p2a: Furret|Trick|p1a: Vileplume
|-activate|p2a: Furret|move: Trick|[of] p1a: Vileplume
|-item|p1a: Vileplume|Choice Band|[from] move: Trick
|-item|p2a: Furret|Life Orb|[from] move: Trick
|move|p1a: Vileplume|Giga Drain|p2a: Furret
|-damage|p2a: Furret|56\/100
|
|upkeep
|turn|2
|choice|move gigadrain|move uturn
|
|move|p2a: Furret|U-turn|p1a: Vileplume
|-damage|p1a: Vileplume|81\/100
|-damage|p2a: Furret|46\/100|[from] item: Life Orb
|choice||switch 6
|
|switch|p2a: Beedrill|Beedrill, L75, F|100\/100
|move|p1a: Vileplume|Giga Drain|p2a: Beedrill
|-resisted|p2a: Beedrill
|-damage|p2a: Beedrill|90\/100
|-heal|p1a: Vileplume|86\/100|[from] drain|[of] p2a: Beedrill
|
|upkeep
|turn|3
|choice|switch 6|move swordsdance mega
|
|switch|p1a: Drifblim|Drifblim, L79, F|100\/100
|detailschange|p2a: Beedrill|Beedrill-Mega, L75, F
|-mega|p2a: Beedrill|Beedrill|Beedrillite
|move|p2a: Beedrill|Swords Dance|p2a: Beedrill
|-boost|p2a: Beedrill|atk|2
|
|upkeep
|turn|4
|choice|move willowisp|move knockoff
|
|move|p2a: Beedrill|Knock Off|p1a: Drifblim
|-supereffective|p1a: Drifblim
|-damage|p1a: Drifblim|0 fnt
|-enditem|p1a: Drifblim|Sitrus Berry|[from] move: Knock Off|[of] p2a: Beedrill
|faint|p1a: Drifblim
|
|upkeep
|choice|switch 2|
|
|switch|p1a: Yveltal|Yveltal, L73|100\/100
|-ability|p1a: Yveltal|Dark Aura
|turn|5
|choice|move hurricane|switch 3
|
|switch|p2a: Electivire|Electivire, L79, M|100\/100
|move|p1a: Yveltal|Hurricane|p2a: Electivire|[miss]
|-miss|p1a: Yveltal|p2a: Electivire
|
|upkeep
|turn|6
|choice|switch 4|move wildcharge
|
|switch|p1a: Quagsire|Quagsire, L79, F|100\/100
|move|p2a: Electivire|Wild Charge|p1a: Quagsire
|-immune|p1a: Quagsire|[msg]
|
|upkeep
|turn|7
|choice|move toxic|switch 6
|
|switch|p2a: Furret|Furret, L79, F|46\/100
|-item|p1a: Quagsire|Leftovers|[from] ability: Frisk|[of] p2a: Furret|[identify]
|move|p1a: Quagsire|Toxic|p2a: Furret
|-status|p2a: Furret|tox
|
|-damage|p2a: Furret|40\/100 tox|[from] psn
|upkeep
|turn|8
|choice|move toxic|move trick
|
|move|p2a: Furret|Trick|p1a: Quagsire
|-activate|p2a: Furret|move: Trick|[of] p1a: Quagsire
|-item|p1a: Quagsire|Life Orb|[from] move: Trick
|-item|p2a: Furret|Leftovers|[from] move: Trick
|move|p1a: Quagsire|Toxic|p2a: Furret
|-fail|p2a: Furret|tox
|
|-heal|p2a: Furret|46\/100 tox|[from] item: Leftovers
|-damage|p2a: Furret|34\/100 tox|[from] psn
|upkeep
|turn|9
|choice|move toxic|move uturn
|
|move|p2a: Furret|U-turn|p1a: Quagsire
|-damage|p1a: Quagsire|87\/100
|choice||switch 2
|
|switch|p2a: Oricorio|Oricorio, L79, M|100\/100
|move|p1a: Quagsire|Toxic|p2a: Oricorio|[miss]
|-miss|p1a: Quagsire|p2a: Oricorio
|
|upkeep
|turn|10
|choice|move recover|move toxic
|
|move|p2a: Oricorio|Toxic|p1a: Quagsire
|-status|p1a: Quagsire|tox
|move|p1a: Quagsire|Recover|p1a: Quagsire
|-heal|p1a: Quagsire|100\/100 tox
|
|-damage|p1a: Quagsire|94\/100 tox|[from] psn
|upkeep
|turn|11
|choice|move scald|move hurricane
|
|move|p2a: Oricorio|Hurricane|p1a: Quagsire
|-damage|p1a: Quagsire|44\/100 tox
|move|p1a: Quagsire|Scald|p2a: Oricorio
|-supereffective|p2a: Oricorio
|-damage|p2a: Oricorio|22\/100
|-damage|p1a: Quagsire|34\/100 tox|[from] item: Life Orb
|
|-heal|p2a: Oricorio|28\/100|[from] item: Leftovers
|-damage|p1a: Quagsire|22\/100 tox|[from] psn
|upkeep
|turn|12
|choice|move recover|move roost
|
|move|p2a: Oricorio|Roost|p2a: Oricorio
|-heal|p2a: Oricorio|78\/100
|move|p1a: Quagsire|Recover|p1a: Quagsire
|-heal|p1a: Quagsire|72\/100 tox
|
|-heal|p2a: Oricorio|84\/100|[from] item: Leftovers
|-damage|p1a: Quagsire|54\/100 tox|[from] psn
|upkeep
|turn|13
|choice|move toxic|move hurricane
|
|move|p2a: Oricorio|Hurricane|p1a: Quagsire
|-damage|p1a: Quagsire|1\/100 tox
|move|p1a: Quagsire|Toxic|p2a: Oricorio
|-status|p2a: Oricorio|tox
|
|-heal|p2a: Oricorio|90\/100 tox|[from] item: Leftovers
|-damage|p2a: Oricorio|84\/100 tox|[from] psn
|-damage|p1a: Quagsire|0 fnt|[from] psn
|upkeep
|faint|p1a: Quagsire
|choice|switch 4|
|
|switch|p1a: Yveltal|Yveltal, L73|100\/100
|-ability|p1a: Yveltal|Dark Aura
|turn|14
|choice|move suckerpunch|move hurricane
|
|move|p1a: Yveltal|Sucker Punch|p2a: Oricorio
|-damage|p2a: Oricorio|37\/100 tox
|move|p2a: Oricorio|Hurricane|p1a: Yveltal|[miss]
|-miss|p2a: Oricorio|p1a: Yveltal
|
|-heal|p2a: Oricorio|43\/100 tox|[from] item: Leftovers
|-damage|p2a: Oricorio|30\/100 tox|[from] psn
|upkeep
|turn|15
|choice|move suckerpunch|move roost
|
|move|p1a: Yveltal|Sucker Punch|p2a: Oricorio|[still]
|-fail|p1a: Yveltal
|move|p2a: Oricorio|Roost|p2a: Oricorio
|-heal|p2a: Oricorio|81\/100 tox
|
|-heal|p2a: Oricorio|87\/100 tox|[from] item: Leftovers
|-damage|p2a: Oricorio|69\/100 tox|[from] psn
|upkeep
|turn|16
|choice|move suckerpunch|move toxic
|
|move|p1a: Yveltal|Sucker Punch|p2a: Oricorio|[still]
|-fail|p1a: Yveltal
|move|p2a: Oricorio|Toxic|p1a: Yveltal
|-status|p1a: Yveltal|tox
|
|-heal|p2a: Oricorio|75\/100 tox|[from] item: Leftovers
|-damage|p2a: Oricorio|50\/100 tox|[from] psn
|-damage|p1a: Yveltal|94\/100 tox|[from] psn
|upkeep
|turn|17
|choice|move taunt|switch 6
|
|switch|p2a: Electivire|Electivire, L79, M|100\/100
|move|p1a: Yveltal|Taunt|p2a: Electivire
|-start|p2a: Electivire|move: Taunt
|
|-heal|p1a: Yveltal|100\/100 tox|[from] item: Leftovers
|-damage|p1a: Yveltal|88\/100 tox|[from] psn
|upkeep
|turn|18
|choice|move suckerpunch|move wildcharge
|
|move|p1a: Yveltal|Sucker Punch|p2a: Electivire
|-damage|p2a: Electivire|53\/100
|move|p2a: Electivire|Wild Charge|p1a: Yveltal
|-supereffective|p1a: Yveltal
|-damage|p1a: Yveltal|3\/100 tox
|-damage|p2a: Electivire|27\/100|[from] recoil|[of] p1a: Yveltal
|
|-heal|p1a: Yveltal|9\/100 tox|[from] item: Leftovers
|-damage|p1a: Yveltal|0 fnt|[from] psn
|upkeep
|faint|p1a: Yveltal
|choice|switch 3|
|
|switch|p1a: Gourgeist|Gourgeist-Large, L79, M|100\/100
|turn|19
|choice|move shadowsneak|move icepunch
|
|move|p1a: Gourgeist|Shadow Sneak|p2a: Electivire
|-damage|p2a: Electivire|8\/100
|move|p2a: Electivire|Ice Punch|p1a: Gourgeist
|-supereffective|p1a: Gourgeist
|-damage|p1a: Gourgeist|55\/100
|
|-heal|p1a: Gourgeist|61\/100|[from] item: Leftovers
|-end|p2a: Electivire|move: Taunt
|upkeep
|turn|20
|choice|move shadowsneak|switch 2
|
|switch|p2a: Furret|Furret, L79, F|34\/100 tox
|-item|p1a: Gourgeist|Leftovers|[from] ability: Frisk|[of] p2a: Furret|[identify]
|move|p1a: Gourgeist|Shadow Sneak|p2a: Furret
|-immune|p2a: Furret|[msg]
|
|-heal|p2a: Furret|40\/100 tox|[from] item: Leftovers
|-heal|p1a: Gourgeist|67\/100|[from] item: Leftovers
|-damage|p2a: Furret|34\/100 tox|[from] psn
|upkeep
|turn|21
|choice|move willowisp|move uturn
|
|move|p2a: Furret|U-turn|p1a: Gourgeist
|-damage|p1a: Gourgeist|55\/100
|choice||switch 6
|
|switch|p2a: Oricorio|Oricorio, L79, M|50\/100 tox
|move|p1a: Gourgeist|Will-O-Wisp|p2a: Oricorio
|-fail|p2a: Oricorio
|
|-heal|p2a: Oricorio|56\/100 tox|[from] item: Leftovers
|-heal|p1a: Gourgeist|61\/100|[from] item: Leftovers
|-damage|p2a: Oricorio|50\/100 tox|[from] psn
|upkeep
|turn|22
|choice|move seedbomb|move hurricane
|
|move|p2a: Oricorio|Hurricane|p1a: Gourgeist
|-supereffective|p1a: Gourgeist
|-damage|p1a: Gourgeist|0 fnt
|faint|p1a: Gourgeist
|
|-heal|p2a: Oricorio|56\/100 tox|[from] item: Leftovers
|-damage|p2a: Oricorio|44\/100 tox|[from] psn
|upkeep
|choice|switch 6|
|
|switch|p1a: Vileplume|Vileplume, L79, F|86\/100
|turn|23
|choice|move synthesis|move roost
|
|move|p2a: Oricorio|Roost|p2a: Oricorio
|-heal|p2a: Oricorio|94\/100 tox
|move|p1a: Vileplume|Synthesis|p1a: Vileplume
|-heal|p1a: Vileplume|100\/100
|
|-heal|p2a: Oricorio|100\/100 tox|[from] item: Leftovers
|-damage|p2a: Oricorio|82\/100 tox|[from] psn
|upkeep
|turn|24
|choice|move synthesis|switch 3
|
|switch|p2a: Beedrill|Beedrill-Mega, L75, F|90\/100
|move|p1a: Vileplume|Synthesis|p1a: Vileplume
|
|upkeep
|turn|25
|choice|move synthesis|move swordsdance
|
|move|p2a: Beedrill|Swords Dance|p2a: Beedrill
|-boost|p2a: Beedrill|atk|2
|move|p1a: Vileplume|Synthesis|p1a: Vileplume
|
|upkeep
|turn|26
|choice|move synthesis|move swordsdance
|
|move|p2a: Beedrill|Swords Dance|p2a: Beedrill
|-boost|p2a: Beedrill|atk|2
|move|p1a: Vileplume|Synthesis|p1a: Vileplume
|
|upkeep
|turn|27
|choice|switch 5|move xscissor
|
|switch|p1a: Escavalier|Escavalier, L79, M|100\/100
|move|p2a: Beedrill|X-Scissor|p1a: Escavalier
|-resisted|p1a: Escavalier
|-damage|p1a: Escavalier|31\/100
|
|upkeep
|turn|28
|choice|move knockoff|move xscissor
|
|move|p2a: Beedrill|X-Scissor|p1a: Escavalier
|-resisted|p1a: Escavalier
|-damage|p1a: Escavalier|0 fnt
|faint|p1a: Escavalier
|
|upkeep
|choice|switch 5|
|
|switch|p1a: Vileplume|Vileplume, L79, F|100\/100
|turn|29
|choice|move gigadrain|move xscissor
|
|move|p2a: Beedrill|X-Scissor|p1a: Vileplume
|-damage|p1a: Vileplume|0 fnt
|faint|p1a: Vileplume
|
|win|cbncvncncvbnv</script>
</div>
<div class="battle-log battle-log-inline"><div class="inner"><div class="chat"><small>LegendaryUllr joined.</small></div><div class="chat"><small>cbncvncncvbnv joined.</small></div><div style="padding:5px 0"><small>Format:</small> <br><strong>[Gen 7] Random Battle</strong></div><div class="rated"><strong>Rated battle</strong></div><div><small><em>Sleep Clause Mod:</em> Limit one foe put to sleep</small></div><div><small><em>HP Percentage Mod:</em> HP is shown in percentages</small></div><div>Battle between LegendaryUllr and cbncvncncvbnv started!</div><div class="spacer"></div><div>Go! Vileplume!</div><div class="spacer"></div><div>cbncvncncvbnv sent out Furret!</div><div><small>[Opposing <span class="battle-nickname-foe" title="Furret">Furret</span>'s Frisk!]</small></div><div><small>The opposing <span class="battle-nickname-foe" title="Furret">Furret</span> frisked <span class="battle-nickname" title="Vileplume">Vileplume</span> and found its Life Orb!</small></div><h2>Turn 1</h2><div class="spacer"></div><div>The opposing <span class="battle-nickname-foe" title="Furret">Furret</span> used <strong>Trick</strong>!</div><div><small>The opposing <span class="battle-nickname-foe" title="Furret">Furret</span> switched items with its target!</small></div><div><small><span class="battle-nickname" title="Vileplume">Vileplume</span> obtained one Choice Band.</small></div><div><small>The opposing <span class="battle-nickname-foe" title="Furret">Furret</span> obtained one Life Orb.</small></div><div class="spacer"></div><div><span class="battle-nickname" title="Vileplume">Vileplume</span> used <strong>Giga Drain</strong>!</div><div><small>The opposing <span class="battle-nickname-foe" title="Furret">Furret</span> lost 44% of its health!</small><br></div><h2>Turn 2</h2><div class="spacer"></div><div>The opposing <span class="battle-nickname-foe" title="Furret">Furret</span> used <strong>U-turn</strong>!</div><div><small><span class="battle-nickname" title="Vileplume">Vileplume</span> lost 19% of its health!</small><br></div><div><small>The opposing <span class="battle-nickname-foe" title="Furret">Furret</span> lost some of its HP!</small></div><div class="spacer"></div><div>The opposing <span class="battle-nickname-foe" title="Furret">Furret</span> went back to cbncvncncvbnv!</div><div class="spacer"></div><div>cbncvncncvbnv sent out Beedrill!</div><div class="spacer"></div><div><span class="battle-nickname" title="Vileplume">Vileplume</span> used <strong>Giga Drain</strong>!</div><div><small>It's not very effective... </small><small>The opposing <span class="battle-nickname-foe" title="Beedrill">Beedrill</span> lost 10% of its health!</small><br></div><div><small>The opposing <span class="battle-nickname-foe" title="Beedrill">Beedrill</span> had its energy drained!</small></div><h2>Turn 3</h2><div class="spacer"></div><div><span class="battle-nickname" title="Vileplume">Vileplume</span>, come back!</div><div class="spacer"></div><div>Go! Drifblim!</div><div class="spacer"></div><div><small>The opposing <span class="battle-nickname-foe" title="Beedrill-Mega">Beedrill</span>'s Beedrillite is reacting to cbncvncncvbnv's Mega Bracelet!<br>The opposing <span class="battle-nickname-foe" title="Beedrill-Mega">Beedrill</span> has Mega Evolved into Mega Beedrill!</small></div><div class="spacer"></div><div>The opposing <span class="battle-nickname-foe" title="Beedrill-Mega">Beedrill</span> used <strong>Swords Dance</strong>!</div><div><small>The opposing <span class="battle-nickname-foe" title="Beedrill-Mega">Beedrill</span>'s Attack rose sharply! </small></div><h2>Turn 4</h2><div class="spacer"></div><div>The opposing <span class="battle-nickname-foe" title="Beedrill-Mega">Beedrill</span> used <strong>Knock Off</strong>!</div><div><small>It's super effective! </small><small><span class="battle-nickname" title="Drifblim">Drifblim</span> lost 100% of its health!</small><br></div><div><small>The opposing <span class="battle-nickname-foe" title="Beedrill-Mega">Beedrill</span> knocked off <span class="battle-nickname" title="Drifblim">Drifblim</span>'s Sitrus Berry!</small></div><div class="spacer"></div><div><span class="battle-nickname" title="Drifblim">Drifblim</span> fainted!</div><div class="spacer"></div><div>Go! Yveltal!</div><div><small>[<span class="battle-nickname" title="Yveltal">Yveltal</span>'s Dark Aura!]</small></div><div><small><span class="battle-nickname" title="Yveltal">Yveltal</span> is radiating a dark aura!</small></div><h2>Turn 5</h2><div class="spacer"></div><div>cbncvncncvbnv withdrew <span class="battle-nickname-foe" title="Beedrill-Mega">Beedrill <small>(Beedrill-Mega)</small></span>!</div><div class="spacer"></div><div>cbncvncncvbnv sent out Electivire!</div><div class="spacer"></div><div><span class="battle-nickname" title="Yveltal">Yveltal</span> used <strong>Hurricane</strong>!</div><div><small>The opposing <span class="battle-nickname-foe" title="Electivire">Electivire</span> avoided the attack!</small></div><h2>Turn 6</h2><div class="spacer"></div><div><span class="battle-nickname" title="Yveltal">Yveltal</span>, come back!</div><div class="spacer"></div><div>Go! Quagsire!</div><div class="spacer"></div><div>The opposing <span class="battle-nickname-foe" title="Electivire">Electivire</span> used <strong>Wild Charge</strong>!</div><div><small>It doesn't affect <span class="battle-nickname" title="Quagsire">Quagsire</span>... </small></div><h2>Turn 7</h2><div class="spacer"></div><div>cbncvncncvbnv withdrew Electivire!</div><div class="spacer"></div><div>cbncvncncvbnv sent out Furret!</div><div><small>[Opposing <span class="battle-nickname-foe" title="Furret">Furret</span>'s Frisk!]</small></div><div><small>The opposing <span class="battle-nickname-foe" title="Furret">Furret</span> frisked <span class="battle-nickname" title="Quagsire">Quagsire</span> and found its Leftovers!</small></div><div class="spacer"></div><div><span class="battle-nickname" title="Quagsire">Quagsire</span> used <strong>Toxic</strong>!</div><div><small>The opposing <span class="battle-nickname-foe" title="Furret">Furret</span> was badly poisoned!</small></div><div class="spacer"></div><div><small>The opposing <span class="battle-nickname-foe" title="Furret">Furret</span> was hurt by poison!</small></div><h2>Turn 8</h2><div class="spacer"></div><div>The opposing <span class="battle-nickname-foe" title="Furret">Furret</span> used <strong>Trick</strong>!</div><div><small>The opposing <span class="battle-nickname-foe" title="Furret">Furret</span> switched items with its target!</small></div><div><small><span class="battle-nickname" title="Quagsire">Quagsire</span> obtained one Life Orb.</small></div><div><small>The opposing <span class="battle-nickname-foe" title="Furret">Furret</span> obtained one Leftovers.</small></div><div class="spacer"></div><div><span class="battle-nickname" title="Quagsire">Quagsire</span> used <strong>Toxic</strong>!</div><div><small>The opposing <span class="battle-nickname-foe" title="Furret">Furret</span> is already poisoned.</small></div><div class="spacer"></div><div><small>The opposing <span class="battle-nickname-foe" title="Furret">Furret</span> restored a little HP using its Leftovers!</small></div><div><small>The opposing <span class="battle-nickname-foe" title="Furret">Furret</span> was hurt by poison!</small></div><h2>Turn 9</h2><div class="spacer"></div><div>The opposing <span class="battle-nickname-foe" title="Furret">Furret</span> used <strong>U-turn</strong>!</div><div><small><span class="battle-nickname" title="Quagsire">Quagsire</span> lost 13% of its health!</small><br></div><div class="spacer"></div><div>The opposing <span class="battle-nickname-foe" title="Furret">Furret</span> went back to cbncvncncvbnv!</div><div class="spacer"></div><div>cbncvncncvbnv sent out Oricorio!</div><div class="spacer"></div><div><span class="battle-nickname" title="Quagsire">Quagsire</span> used <strong>Toxic</strong>!</div><div><small>The opposing <span class="battle-nickname-foe" title="Oricorio">Oricorio</span> avoided the attack!</small></div><h2>Turn 10</h2><div class="spacer"></div><div>The opposing <span class="battle-nickname-foe" title="Oricorio">Oricorio</span> used <strong>Toxic</strong>!</div><div><small><span class="battle-nickname" title="Quagsire">Quagsire</span> was badly poisoned!</small></div><div class="spacer"></div><div><span class="battle-nickname" title="Quagsire">Quagsire</span> used <strong>Recover</strong>!</div><div><small><span class="battle-nickname" title="Quagsire">Quagsire</span> restored its HP.</small></div><div class="spacer"></div><div><small><span class="battle-nickname" title="Quagsire">Quagsire</span> was hurt by poison!</small></div><h2>Turn 11</h2><div class="spacer"></div><div>The opposing <span class="battle-nickname-foe" title="Oricorio">Oricorio</span> used <strong>Hurricane</strong>!</div><div><small><span class="battle-nickname" title="Quagsire">Quagsire</span> lost 50% of its health!</small><br></div><div class="spacer"></div><div><span class="battle-nickname" title="Quagsire">Quagsire</span> used <strong>Scald</strong>!</div><div><small>It's super effective! </small><small>The opposing <span class="battle-nickname-foe" title="Oricorio">Oricorio</span> lost 78% of its health!</small><br></div><div><small><span class="battle-nickname" title="Quagsire">Quagsire</span> lost some of its HP!</small></div><div class="spacer"></div><div><small>The opposing <span class="battle-nickname-foe" title="Oricorio">Oricorio</span> restored a little HP using its Leftovers!</small></div><div><small><span class="battle-nickname" title="Quagsire">Quagsire</span> was hurt by poison!</small></div><h2>Turn 12</h2><div class="spacer"></div><div>The opposing <span class="battle-nickname-foe" title="Oricorio">Oricorio</span> used <strong>Roost</strong>!</div><div><small>The opposing <span class="battle-nickname-foe" title="Oricorio">Oricorio</span> restored its HP.</small></div><div class="spacer"></div><div><span class="battle-nickname" title="Quagsire">Quagsire</span> used <strong>Recover</strong>!</div><div><small><span class="battle-nickname" title="Quagsire">Quagsire</span> restored its HP.</small></div><div class="spacer"></div><div><small>The opposing <span class="battle-nickname-foe" title="Oricorio">Oricorio</span> restored a little HP using its Leftovers!</small></div><div><small><span class="battle-nickname" title="Quagsire">Quagsire</span> was hurt by poison!</small></div><h2>Turn 13</h2><div class="spacer"></div><div>The opposing <span class="battle-nickname-foe" title="Oricorio">Oricorio</span> used <strong>Hurricane</strong>!</div><div><small><span class="battle-nickname" title="Quagsire">Quagsire</span> lost 53% of its health!</small><br></div><div class="spacer"></div><div><span class="battle-nickname" title="Quagsire">Quagsire</span> used <strong>Toxic</strong>!</div><div><small>The opposing <span class="battle-nickname-foe" title="Oricorio">Oricorio</span> was badly poisoned!</small></div><div class="spacer"></div><div><small>The opposing <span class="battle-nickname-foe" title="Oricorio">Oricorio</span> restored a little HP using its Leftovers!</small></div><div><small>The opposing <span class="battle-nickname-foe" title="Oricorio">Oricorio</span> was hurt by poison!</small></div><div><small><span class="battle-nickname" title="Quagsire">Quagsire</span> was hurt by poison!</small></div><div class="spacer"></div><div><span class="battle-nickname" title="Quagsire">Quagsire</span> fainted!</div><div class="spacer"></div><div>Go! Yveltal!</div><div><small>[<span class="battle-nickname" title="Yveltal">Yveltal</span>'s Dark Aura!]</small></div><div><small><span class="battle-nickname" title="Yveltal">Yveltal</span> is radiating a dark aura!</small></div><h2>Turn 14</h2><div class="spacer"></div><div><span class="battle-nickname" title="Yveltal">Yveltal</span> used <strong>Sucker Punch</strong>!</div><div><small>The opposing <span class="battle-nickname-foe" title="Oricorio">Oricorio</span> lost 47% of its health!</small><br></div><div class="spacer"></div><div>The opposing <span class="battle-nickname-foe" title="Oricorio">Oricorio</span> used <strong>Hurricane</strong>!</div><div><small><span class="battle-nickname" title="Yveltal">Yveltal</span> avoided the attack!</small></div><div class="spacer"></div><div><small>The opposing <span class="battle-nickname-foe" title="Oricorio">Oricorio</span> restored a little HP using its Leftovers!</small></div><div><small>The opposing <span class="battle-nickname-foe" title="Oricorio">Oricorio</span> was hurt by poison!</small></div><h2>Turn 15</h2><div class="spacer"></div><div><span class="battle-nickname" title="Yveltal">Yveltal</span> used <strong>Sucker Punch</strong>!</div><div><small>But it failed!</small></div><div class="spacer"></div><div>The opposing <span class="battle-nickname-foe" title="Oricorio">Oricorio</span> used <strong>Roost</strong>!</div><div><small>The opposing <span class="battle-nickname-foe" title="Oricorio">Oricorio</span> restored its HP.</small></div><div class="spacer"></div><div><small>The opposing <span class="battle-nickname-foe" title="Oricorio">Oricorio</span> restored a little HP using its Leftovers!</small></div><div><small>The opposing <span class="battle-nickname-foe" title="Oricorio">Oricorio</span> was hurt by poison!</small></div><h2>Turn 16</h2><div class="spacer"></div><div><span class="battle-nickname" title="Yveltal">Yveltal</span> used <strong>Sucker Punch</strong>!</div><div><small>But it failed!</small></div><div class="spacer"></div><div>The opposing <span class="battle-nickname-foe" title="Oricorio">Oricorio</span> used <strong>Toxic</strong>!</div><div><small><span class="battle-nickname" title="Yveltal">Yveltal</span> was badly poisoned!</small></div><div class="spacer"></div><div><small>The opposing <span class="battle-nickname-foe" title="Oricorio">Oricorio</span> restored a little HP using its Leftovers!</small></div><div><small>The opposing <span class="battle-nickname-foe" title="Oricorio">Oricorio</span> was hurt by poison!</small></div><div><small><span class="battle-nickname" title="Yveltal">Yveltal</span> was hurt by poison!</small></div><h2>Turn 17</h2><div class="spacer"></div><div>cbncvncncvbnv withdrew Oricorio!</div><div class="spacer"></div><div>cbncvncncvbnv sent out Electivire!</div><div class="spacer"></div><div><span class="battle-nickname" title="Yveltal">Yveltal</span> used <strong>Taunt</strong>!</div><div><small>The opposing <span class="battle-nickname-foe" title="Electivire">Electivire</span> fell for the taunt!</small></div><div class="spacer"></div><div><small><span class="battle-nickname" title="Yveltal">Yveltal</span> restored a little HP using its Leftovers!</small></div><div><small><span class="battle-nickname" title="Yveltal">Yveltal</span> was hurt by poison!</small></div><h2>Turn 18</h2><div class="spacer"></div><div><span class="battle-nickname" title="Yveltal">Yveltal</span> used <strong>Sucker Punch</strong>!</div><div><small>The opposing <span class="battle-nickname-foe" title="Electivire">Electivire</span> lost 47% of its health!</small><br></div><div class="spacer"></div><div>The opposing <span class="battle-nickname-foe" title="Electivire">Electivire</span> used <strong>Wild Charge</strong>!</div><div><small>It's super effective! </small><small><span class="battle-nickname" title="Yveltal">Yveltal</span> lost 85% of its health!</small><br></div><div><small>The opposing <span class="battle-nickname-foe" title="Electivire">Electivire</span> is damaged by the recoil!</small></div><div class="spacer"></div><div><small><span class="battle-nickname" title="Yveltal">Yveltal</span> restored a little HP using its Leftovers!</small></div><div><small><span class="battle-nickname" title="Yveltal">Yveltal</span> was hurt by poison!</small></div><div class="spacer"></div><div><span class="battle-nickname" title="Yveltal">Yveltal</span> fainted!</div><div class="spacer"></div><div>Go! <span class="battle-nickname" title="Gourgeist-Large">Gourgeist <small>(Gourgeist-Large)</small></span>!</div><h2>Turn 19</h2><div class="spacer"></div><div><span class="battle-nickname" title="Gourgeist-Large">Gourgeist</span> used <strong>Shadow Sneak</strong>!</div><div><small>The opposing <span class="battle-nickname-foe" title="Electivire">Electivire</span> lost 19% of its health!</small><br></div><div class="spacer"></div><div>The opposing <span class="battle-nickname-foe" title="Electivire">Electivire</span> used <strong>Ice Punch</strong>!</div><div><small>It's super effective! </small><small><span class="battle-nickname" title="Gourgeist-Large">Gourgeist</span> lost 45% of its health!</small><br></div><div class="spacer"></div><div><small><span class="battle-nickname" title="Gourgeist-Large">Gourgeist</span> restored a little HP using its Leftovers!</small></div><div><small>The opposing <span class="battle-nickname-foe" title="Electivire">Electivire</span>'s taunt wore off!</small></div><h2>Turn 20</h2><div class="spacer"></div><div>cbncvncncvbnv withdrew Electivire!</div><div class="spacer"></div><div>cbncvncncvbnv sent out Furret!</div><div><small>[Opposing <span class="battle-nickname-foe" title="Furret">Furret</span>'s Frisk!]</small></div><div><small>The opposing <span class="battle-nickname-foe" title="Furret">Furret</span> frisked <span class="battle-nickname" title="Gourgeist-Large">Gourgeist</span> and found its Leftovers!</small></div><div class="spacer"></div><div><span class="battle-nickname" title="Gourgeist-Large">Gourgeist</span> used <strong>Shadow Sneak</strong>!</div><div><small>It doesn't affect the opposing <span class="battle-nickname-foe" title="Furret">Furret</span>... </small></div><div class="spacer"></div><div><small>The opposing <span class="battle-nickname-foe" title="Furret">Furret</span> restored a little HP using its Leftovers!</small></div><div><small><span class="battle-nickname" title="Gourgeist-Large">Gourgeist</span> restored a little HP using its Leftovers!</small></div><div><small>The opposing <span class="battle-nickname-foe" title="Furret">Furret</span> was hurt by poison!</small></div><h2>Turn 21</h2><div class="spacer"></div><div>The opposing <span class="battle-nickname-foe" title="Furret">Furret</span> used <strong>U-turn</strong>!</div><div><small><span class="battle-nickname" title="Gourgeist-Large">Gourgeist</span> lost 12% of its health!</small><br></div><div class="spacer"></div><div>The opposing <span class="battle-nickname-foe" title="Furret">Furret</span> went back to cbncvncncvbnv!</div><div class="spacer"></div><div>cbncvncncvbnv sent out Oricorio!</div><div class="spacer"></div><div><span class="battle-nickname" title="Gourgeist-Large">Gourgeist</span> used <strong>Will-O-Wisp</strong>!</div><div><small>But it failed!</small></div><div class="spacer"></div><div><small>The opposing <span class="battle-nickname-foe" title="Oricorio">Oricorio</span> restored a little HP using its Leftovers!</small></div><div><small><span class="battle-nickname" title="Gourgeist-Large">Gourgeist</span> restored a little HP using its Leftovers!</small></div><div><small>The opposing <span class="battle-nickname-foe" title="Oricorio">Oricorio</span> was hurt by poison!</small></div><h2>Turn 22</h2><div class="spacer"></div><div>The opposing <span class="battle-nickname-foe" title="Oricorio">Oricorio</span> used <strong>Hurricane</strong>!</div><div><small>It's super effective! </small><small><span class="battle-nickname" title="Gourgeist-Large">Gourgeist</span> lost 61% of its health!</small><br></div><div class="spacer"></div><div><span class="battle-nickname" title="Gourgeist-Large">Gourgeist</span> fainted!</div><div class="spacer"></div><div><small>The opposing <span class="battle-nickname-foe" title="Oricorio">Oricorio</span> restored a little HP using its Leftovers!</small></div><div><small>The opposing <span class="battle-nickname-foe" title="Oricorio">Oricorio</span> was hurt by poison!</small></div><div class="spacer"></div><div>Go! Vileplume!</div><h2>Turn 23</h2><div class="spacer"></div><div>The opposing <span class="battle-nickname-foe" title="Oricorio">Oricorio</span> used <strong>Roost</strong>!</div><div><small>The opposing <span class="battle-nickname-foe" title="Oricorio">Oricorio</span> restored its HP.</small></div><div class="spacer"></div><div><span class="battle-nickname" title="Vileplume">Vileplume</span> used <strong>Synthesis</strong>!</div><div><small><span class="battle-nickname" title="Vileplume">Vileplume</span> restored its HP.</small></div><div class="spacer"></div><div><small>The opposing <span class="battle-nickname-foe" title="Oricorio">Oricorio</span> restored a little HP using its Leftovers!</small></div><div><small>The opposing <span class="battle-nickname-foe" title="Oricorio">Oricorio</span> was hurt by poison!</small></div><h2>Turn 24</h2><div class="spacer"></div><div>cbncvncncvbnv withdrew Oricorio!</div><div class="spacer"></div><div>cbncvncncvbnv sent out <span class="battle-nickname-foe" title="Beedrill-Mega">Beedrill <small>(Beedrill-Mega)</small></span>!</div><div class="spacer"></div><div><span class="battle-nickname" title="Vileplume">Vileplume</span> used <strong>Synthesis</strong>!</div><h2>Turn 25</h2><div class="spacer"></div><div>The opposing <span class="battle-nickname-foe" title="Beedrill-Mega">Beedrill</span> used <strong>Swords Dance</strong>!</div><div><small>The opposing <span class="battle-nickname-foe" title="Beedrill-Mega">Beedrill</span>'s Attack rose sharply! </small></div><div class="spacer"></div><div><span class="battle-nickname" title="Vileplume">Vileplume</span> used <strong>Synthesis</strong>!</div><h2>Turn 26</h2><div class="spacer"></div><div>The opposing <span class="battle-nickname-foe" title="Beedrill-Mega">Beedrill</span> used <strong>Swords Dance</strong>!</div><div><small>The opposing <span class="battle-nickname-foe" title="Beedrill-Mega">Beedrill</span>'s Attack rose sharply! </small></div><div class="spacer"></div><div><span class="battle-nickname" title="Vileplume">Vileplume</span> used <strong>Synthesis</strong>!</div><h2>Turn 27</h2><div class="spacer"></div><div><span class="battle-nickname" title="Vileplume">Vileplume</span>, come back!</div><div class="spacer"></div><div>Go! Escavalier!</div><div class="spacer"></div><div>The opposing <span class="battle-nickname-foe" title="Beedrill-Mega">Beedrill</span> used <strong>X-Scissor</strong>!</div><div><small>It's not very effective... </small><small><span class="battle-nickname" title="Escavalier">Escavalier</span> lost 69% of its health!</small><br></div><h2>Turn 28</h2><div class="spacer"></div><div>The opposing <span class="battle-nickname-foe" title="Beedrill-Mega">Beedrill</span> used <strong>X-Scissor</strong>!</div><div><small>It's not very effective... </small><small><span class="battle-nickname" title="Escavalier">Escavalier</span> lost 31% of its health!</small><br></div><div class="spacer"></div><div><span class="battle-nickname" title="Escavalier">Escavalier</span> fainted!</div><div class="spacer"></div><div>Go! Vileplume!</div><h2>Turn 29</h2><div class="spacer"></div><div>The opposing <span class="battle-nickname-foe" title="Beedrill-Mega">Beedrill</span> used <strong>X-Scissor</strong>!</div><div><small><span class="battle-nickname" title="Vileplume">Vileplume</span> lost 100% of its health!</small><br></div><div class="spacer"></div><div><span class="battle-nickname" title="Vileplume">Vileplume</span> fainted!</div><div class="spacer"></div><div>cbncvncncvbnv won the battle!</div></div></div>
</div>
<script>
var daily = Math.floor(Date.now()/1000/60/60/24);document.write('<script src="https://play.pokemonshowdown.com/js/replay-embed.js?version'+daily+'"></'+'script>');
</script>
