<!DOCTYPE html>
<meta charset="utf-8" />
<!-- version 1 -->
<title>[Gen 7] Random Battle replay: CuhCuh vs. Pureanarchy</title>
<style>
html,body {font-family:Verdana, sans-serif;font-size:10pt;margin:0;padding:0;}body{padding:12px 0;} .battle-log {font-family:Verdana, sans-serif;font-size:10pt;} .battle-log-inline {border:1px solid #AAAAAA;background:#EEF2F5;color:black;max-width:640px;margin:0 auto 80px;padding-bottom:5px;} .battle-log .inner {padding:4px 8px 0px 8px;} .battle-log .inner-preempt {padding:0 8px 4px 8px;} .battle-log .inner-after {margin-top:0.5em;} .battle-log h2 {margin:0.5em -8px;padding:4px 8px;border:1px solid #AAAAAA;background:#E0E7EA;border-left:0;border-right:0;font-family:Verdana, sans-serif;font-size:13pt;} .battle-log .chat {vertical-align:middle;padding:3px 0 3px 0;font-size:8pt;} .battle-log .chat strong {color:#40576A;} .battle-log .chat em {padding:1px 4px 1px 3px;color:#000000;font-style:normal;} .chat.mine {background:rgba(0,0,0,0.05);margin-left:-8px;margin-right:-8px;padding-left:8px;padding-right:8px;} .spoiler {color:#BBBBBB;background:#BBBBBB;padding:0px 3px;} .spoiler:hover, .spoiler:active, .spoiler-shown {color:#000000;background:#E2E2E2;padding:0px 3px;} .spoiler a {color:#BBBBBB;} .spoiler:hover a, .spoiler:active a, .spoiler-shown a {color:#2288CC;} .chat code, .chat .spoiler:hover code, .chat .spoiler:active code, .chat .spoiler-shown code {border:1px solid #C0C0C0;background:#EEEEEE;color:black;padding:0 2px;} .chat .spoiler code {border:1px solid #CCCCCC;background:#CCCCCC;color:#CCCCCC;} .battle-log .rated {padding:3px 4px;} .battle-log .rated strong {color:white;background:#89A;padding:1px 4px;border-radius:4px;} .spacer {margin-top:0.5em;} .message-announce {background:#6688AA;color:white;padding:1px 4px 2px;} .message-announce a, .broadcast-green a, .broadcast-blue a, .broadcast-red a {color:#DDEEFF;} .broadcast-green {background-color:#559955;color:white;padding:2px 4px;} .broadcast-blue {background-color:#6688AA;color:white;padding:2px 4px;} .infobox {border:1px solid #6688AA;padding:2px 4px;} .infobox-limited {max-height:200px;overflow:auto;overflow-x:hidden;} .broadcast-red {background-color:#AA5544;color:white;padding:2px 4px;} .message-learn-canlearn {font-weight:bold;color:#228822;text-decoration:underline;} .message-learn-cannotlearn {font-weight:bold;color:#CC2222;text-decoration:underline;} .message-effect-weak {font-weight:bold;color:#CC2222;} .message-effect-resist {font-weight:bold;color:#6688AA;} .message-effect-immune {font-weight:bold;color:#666666;} .message-learn-list {margin-top:0;margin-bottom:0;} .message-throttle-notice, .message-error {color:#992222;} .message-overflow, .chat small.message-overflow {font-size:0pt;} .message-overflow::before {font-size:9pt;content:'...';} .subtle {color:#3A4A66;}
</style>
<div class="wrapper replay-wrapper" style="max-width:1180px;margin:0 auto">
<input type="hidden" name="replayid" value="gen7randombattle-566924662" />
<div class="battle"></div><div class="battle-log"></div><div class="replay-controls"></div><div class="replay-controls-2"></div>
<h1 style="font-weight:normal;text-align:center"><strong>[Gen 7] Random Battle</strong><br /><a href="http://pokemonshowdown.com/users/cuhcuh" class="subtle" target="_blank">CuhCuh</a> vs. <a href="http://pokemonshowdown.com/users/pureanarchy" class="subtle" target="_blank">Pureanarchy</a></h1>
<script type="text/plain" class="battle-log-data">|j|CuhCuh
|j|Pureanarchy
|player|p1|CuhCuh|2
|player|p2|Pureanarchy|101
|gametype|singles
|gen|7
|tier|[Gen 7] Random Battle
|rated
|seed|6099,46567,20179,39617,35053,53959,58808,62015,47659,41777,44104,56464
|rule|Sleep Clause Mod: Limit one foe put to sleep
|rule|HP Percentage Mod: HP is shown in percentages
|
|start
|switch|p1a: Darkrai|Darkrai, L73|100\/100
|switch|p2a: Kingdra|Kingdra, L79, F|100\/100
|turn|1
|inactive|Battle timer is ON: inactive players will automatically lose when time's up. (requested by CuhCuh)
|choice|move hypnosis|switch 6
|
|switch|p2a: Avalugg|Avalugg, L79, F|100\/100
|move|p1a: Darkrai|Hypnosis|p2a: Avalugg
|-status|p2a: Avalugg|slp
|
|-damage|p2a: Avalugg|88\/100 slp|[from] ability: Bad Dreams|[of] p1a: Darkrai
|upkeep
|turn|2
|choice|move focusblast|switch 3
|
|switch|p2a: Lickilicky|Lickilicky, L79, M|100\/100
|-ability|p2a: Lickilicky|Cloud Nine
|move|p1a: Darkrai|Focus Blast|p2a: Lickilicky
|-supereffective|p2a: Lickilicky
|-damage|p2a: Lickilicky|27\/100
|-damage|p1a: Darkrai|91\/100|[from] item: Life Orb
|
|-heal|p2a: Lickilicky|33\/100|[from] item: Leftovers
|upkeep
|turn|3
|choice|move darkpulse|move knockoff
|
|move|p1a: Darkrai|Dark Pulse|p2a: Lickilicky
|-damage|p2a: Lickilicky|0 fnt
|-damage|p1a: Darkrai|81\/100|[from] item: Life Orb
|faint|p2a: Lickilicky
|
|upkeep
|choice||switch 6
|
|switch|p2a: Kingdra|Kingdra, L79, F|100\/100
|turn|4
|choice|switch 6|move dragondance
|
|switch|p1a: Dunsparce|Dunsparce, L79, M|100\/100
|move|p2a: Kingdra|Dragon Dance|p2a: Kingdra
|-boost|p2a: Kingdra|atk|1
|-boost|p2a: Kingdra|spe|1
|
|upkeep
|turn|5
|choice|move glare|move dragondance
|
|move|p2a: Kingdra|Dragon Dance|p2a: Kingdra
|-boost|p2a: Kingdra|atk|1
|-boost|p2a: Kingdra|spe|1
|move|p1a: Dunsparce|Glare|p2a: Kingdra
|-status|p2a: Kingdra|par
|-enditem|p2a: Kingdra|Lum Berry|[eat]
|-curestatus|p2a: Kingdra|par|[msg]
|
|upkeep
|turn|6
|choice|move glare|move waterfall
|
|move|p2a: Kingdra|Waterfall|p1a: Dunsparce
|-damage|p1a: Dunsparce|41\/100
|move|p1a: Dunsparce|Glare|p2a: Kingdra
|-status|p2a: Kingdra|par
|
|-heal|p1a: Dunsparce|47\/100|[from] item: Leftovers
|upkeep
|turn|7
|choice|move headbutt|move dragondance
|
|move|p2a: Kingdra|Dragon Dance|p2a: Kingdra
|-boost|p2a: Kingdra|atk|1
|-boost|p2a: Kingdra|spe|1
|move|p1a: Dunsparce|Headbutt|p2a: Kingdra
|-damage|p2a: Kingdra|80\/100 par
|
|-heal|p1a: Dunsparce|53\/100|[from] item: Leftovers
|upkeep
|turn|8
|choice|move coil|move dragondance
|
|cant|p2a: Kingdra|par
|move|p1a: Dunsparce|Coil|p1a: Dunsparce
|-boost|p1a: Dunsparce|atk|1
|-boost|p1a: Dunsparce|def|1
|-boost|p1a: Dunsparce|accuracy|1
|
|-heal|p1a: Dunsparce|60\/100|[from] item: Leftovers
|upkeep
|turn|9
|choice|move headbutt|move outrage
|
|move|p2a: Kingdra|Outrage|p1a: Dunsparce
|-damage|p1a: Dunsparce|0 fnt
|faint|p1a: Dunsparce
|
|upkeep
|choice|switch 4|
|
|switch|p1a: Crobat|Crobat, L77, F|100\/100
|turn|10
|choice|move bravebird|move outrage
|
|move|p1a: Crobat|Brave Bird|p2a: Kingdra
|-damage|p2a: Kingdra|42\/100 par
|-damage|p1a: Crobat|88\/100|[from] recoil|[of] p2a: Kingdra
|cant|p2a: Kingdra|par
|
|-heal|p1a: Crobat|95\/100|[from] item: Black Sludge
|upkeep
|turn|11
|choice|move bravebird|move outrage
|
|move|p1a: Crobat|Brave Bird|p2a: Kingdra
|-damage|p2a: Kingdra|0 fnt
|-damage|p1a: Crobat|81\/100|[from] recoil|[of] p2a: Kingdra
|faint|p2a: Kingdra
|
|-heal|p1a: Crobat|88\/100|[from] item: Black Sludge
|upkeep
|choice||switch 2
|
|switch|p2a: Nidoqueen|Nidoqueen, L79, F|100\/100
|turn|12
|choice|move uturn|move icebeam
|
|move|p1a: Crobat|U-turn|p2a: Nidoqueen
|-resisted|p2a: Nidoqueen
|-damage|p2a: Nidoqueen|94\/100
|choice|switch 3|
|
|switch|p1a: Simipour|Simipour, L79, M|100\/100
|move|p2a: Nidoqueen|Ice Beam|p1a: Simipour
|-resisted|p1a: Simipour
|-damage|p1a: Simipour|81\/100
|
|-heal|p1a: Simipour|87\/100|[from] item: Leftovers
|upkeep
|turn|13
|choice|move substitute|switch 4
|
|switch|p2a: Wigglytuff|Wigglytuff, L79, M|100\/100
|move|p1a: Simipour|Substitute|p1a: Simipour
|-start|p1a: Simipour|Substitute
|-damage|p1a: Simipour|62\/100
|
|-heal|p1a: Simipour|68\/100|[from] item: Leftovers
|upkeep
|turn|14
|choice|move nastyplot|move hypervoice
|
|move|p1a: Simipour|Nasty Plot|p1a: Simipour
|-boost|p1a: Simipour|spa|2
|move|p2a: Wigglytuff|Hyper Voice|p1a: Simipour
|-damage|p1a: Simipour|26\/100
|
|-heal|p1a: Simipour|32\/100|[from] item: Leftovers
|upkeep
|turn|15
|choice|move hydropump|move hypervoice
|
|move|p1a: Simipour|Hydro Pump|p2a: Wigglytuff
|-damage|p2a: Wigglytuff|0 fnt
|faint|p2a: Wigglytuff
|
|-heal|p1a: Simipour|38\/100|[from] item: Leftovers
|upkeep
|l|Pureanarchy
|player|p2|
|-message|Pureanarchy lost due to inactivity.
|
|win|CuhCuh
|raw|CuhCuh's rating: 1450 &rarr; <strong>1467<\/strong><br \/>(+17 for winning)
|raw|Pureanarchy's rating: 1385 &rarr; <strong>1369<\/strong><br \/>(-16 for losing)</script>
</div>
<div class="battle-log battle-log-inline"><div class="inner"><div class="chat"><small>CuhCuh joined.</small></div><div class="chat"><small>Pureanarchy joined.</small></div><div style="padding:5px 0"><small>Format:</small> <br><strong>[Gen 7] Random Battle</strong></div><div class="rated"><strong>Rated battle</strong></div><div><small><em>Sleep Clause Mod:</em> Limit one foe put to sleep</small></div><div><small><em>HP Percentage Mod:</em> HP is shown in percentages</small></div><div>Battle between CuhCuh and Pureanarchy started!</div><div class="spacer"></div><div>Go! Darkrai!</div><div class="spacer"></div><div>Pureanarchy sent out Kingdra!</div><h2>Turn 1</h2><div class="chat message-error">Battle timer is ON: inactive players will automatically lose when time's up. (requested by CuhCuh)</div><div class="spacer"></div><div>Pureanarchy withdrew Kingdra!</div><div class="spacer"></div><div>Pureanarchy sent out Avalugg!</div><div class="spacer"></div><div><span class="battle-nickname" title="Darkrai">Darkrai</span> used <strong>Hypnosis</strong>!</div><div><small>The opposing <span class="battle-nickname-foe" title="Avalugg">Avalugg</span> fell asleep!</small></div><div><small>[<span class="battle-nickname" title="Darkrai">Darkrai</span>'s Bad Dreams!]</small></div><div><small>The opposing <span class="battle-nickname-foe" title="Avalugg">Avalugg</span> is tormented!</small></div><h2>Turn 2</h2><div class="spacer"></div><div>Pureanarchy withdrew Avalugg!</div><div class="spacer"></div><div>Pureanarchy sent out Lickilicky!</div><div><small>[Opposing <span class="battle-nickname-foe" title="Lickilicky">Lickilicky</span>'s Cloud Nine!]</small></div><div><small>The effects of the weather disappeared.</small></div><div class="spacer"></div><div><span class="battle-nickname" title="Darkrai">Darkrai</span> used <strong>Focus Blast</strong>!</div><div><small>It's super effective! </small><small>The opposing <span class="battle-nickname-foe" title="Lickilicky">Lickilicky</span> lost 73% of its health!</small><br></div><div><small><span class="battle-nickname" title="Darkrai">Darkrai</span> lost some of its HP!</small></div><div class="spacer"></div><div><small>The opposing <span class="battle-nickname-foe" title="Lickilicky">Lickilicky</span> restored a little HP using its Leftovers!</small></div><h2>Turn 3</h2><div class="spacer"></div><div><span class="battle-nickname" title="Darkrai">Darkrai</span> used <strong>Dark Pulse</strong>!</div><div><small>The opposing <span class="battle-nickname-foe" title="Lickilicky">Lickilicky</span> lost 33% of its health!</small><br></div><div><small><span class="battle-nickname" title="Darkrai">Darkrai</span> lost some of its HP!</small></div><div class="spacer"></div><div>The opposing <span class="battle-nickname-foe" title="Lickilicky">Lickilicky</span> fainted!</div><div class="spacer"></div><div>Pureanarchy sent out Kingdra!</div><h2>Turn 4</h2><div class="spacer"></div><div><span class="battle-nickname" title="Darkrai">Darkrai</span>, come back!</div><div class="spacer"></div><div>Go! Dunsparce!</div><div class="spacer"></div><div>The opposing <span class="battle-nickname-foe" title="Kingdra">Kingdra</span> used <strong>Dragon Dance</strong>!</div><div><small>The opposing <span class="battle-nickname-foe" title="Kingdra">Kingdra</span>'s Attack rose! The opposing <span class="battle-nickname-foe" title="Kingdra">Kingdra</span>'s Speed rose! </small></div><h2>Turn 5</h2><div class="spacer"></div><div>The opposing <span class="battle-nickname-foe" title="Kingdra">Kingdra</span> used <strong>Dragon Dance</strong>!</div><div><small>The opposing <span class="battle-nickname-foe" title="Kingdra">Kingdra</span>'s Attack rose! The opposing <span class="battle-nickname-foe" title="Kingdra">Kingdra</span>'s Speed rose! </small></div><div class="spacer"></div><div><span class="battle-nickname" title="Dunsparce">Dunsparce</span> used <strong>Glare</strong>!</div><div><small>The opposing <span class="battle-nickname-foe" title="Kingdra">Kingdra</span> is paralyzed! It may be unable to move!</small></div><div><small>The opposing <span class="battle-nickname-foe" title="Kingdra">Kingdra</span> ate its Lum Berry!</small></div><div><small>The opposing <span class="battle-nickname-foe" title="Kingdra">Kingdra</span> was cured of paralysis.</small></div><h2>Turn 6</h2><div class="spacer"></div><div>The opposing <span class="battle-nickname-foe" title="Kingdra">Kingdra</span> used <strong>Waterfall</strong>!</div><div><small><span class="battle-nickname" title="Dunsparce">Dunsparce</span> lost 59% of its health!</small><br></div><div class="spacer"></div><div><span class="battle-nickname" title="Dunsparce">Dunsparce</span> used <strong>Glare</strong>!</div><div><small>The opposing <span class="battle-nickname-foe" title="Kingdra">Kingdra</span> is paralyzed! It may be unable to move!</small></div><div class="spacer"></div><div><small><span class="battle-nickname" title="Dunsparce">Dunsparce</span> restored a little HP using its Leftovers!</small></div><h2>Turn 7</h2><div class="spacer"></div><div>The opposing <span class="battle-nickname-foe" title="Kingdra">Kingdra</span> used <strong>Dragon Dance</strong>!</div><div><small>The opposing <span class="battle-nickname-foe" title="Kingdra">Kingdra</span>'s Attack rose! The opposing <span class="battle-nickname-foe" title="Kingdra">Kingdra</span>'s Speed rose! </small></div><div class="spacer"></div><div><span class="battle-nickname" title="Dunsparce">Dunsparce</span> used <strong>Headbutt</strong>!</div><div><small>The opposing <span class="battle-nickname-foe" title="Kingdra">Kingdra</span> lost 20% of its health!</small><br></div><div class="spacer"></div><div><small><span class="battle-nickname" title="Dunsparce">Dunsparce</span> restored a little HP using its Leftovers!</small></div><h2>Turn 8</h2><div class="spacer"></div><div>The opposing <span class="battle-nickname-foe" title="Kingdra">Kingdra</span> is paralyzed! It can't move!</div><div class="spacer"></div><div><span class="battle-nickname" title="Dunsparce">Dunsparce</span> used <strong>Coil</strong>!</div><div><small><span class="battle-nickname" title="Dunsparce">Dunsparce</span>'s Attack rose! <span class="battle-nickname" title="Dunsparce">Dunsparce</span>'s Defense rose! <span class="battle-nickname" title="Dunsparce">Dunsparce</span>'s accuracy rose! </small></div><div class="spacer"></div><div><small><span class="battle-nickname" title="Dunsparce">Dunsparce</span> restored a little HP using its Leftovers!</small></div><h2>Turn 9</h2><div class="spacer"></div><div>The opposing <span class="battle-nickname-foe" title="Kingdra">Kingdra</span> used <strong>Outrage</strong>!</div><div><small><span class="battle-nickname" title="Dunsparce">Dunsparce</span> lost 60% of its health!</small><br></div><div class="spacer"></div><div><span class="battle-nickname" title="Dunsparce">Dunsparce</span> fainted!</div><div class="spacer"></div><div>Go! Crobat!</div><h2>Turn 10</h2><div class="spacer"></div><div><span class="battle-nickname" title="Crobat">Crobat</span> used <strong>Brave Bird</strong>!</div><div><small>The opposing <span class="battle-nickname-foe" title="Kingdra">Kingdra</span> lost 38% of its health!</small><br></div><div><small><span class="battle-nickname" title="Crobat">Crobat</span> is damaged by the recoil!</small></div><div class="spacer"></div><div>The opposing <span class="battle-nickname-foe" title="Kingdra">Kingdra</span> is paralyzed! It can't move!</div><div class="spacer"></div><div><small><span class="battle-nickname" title="Crobat">Crobat</span> restored a little HP using its Black Sludge!</small></div><h2>Turn 11</h2><div class="spacer"></div><div><span class="battle-nickname" title="Crobat">Crobat</span> used <strong>Brave Bird</strong>!</div><div><small>The opposing <span class="battle-nickname-foe" title="Kingdra">Kingdra</span> lost 42% of its health!</small><br></div><div><small><span class="battle-nickname" title="Crobat">Crobat</span> is damaged by the recoil!</small></div><div class="spacer"></div><div>The opposing <span class="battle-nickname-foe" title="Kingdra">Kingdra</span> fainted!</div><div class="spacer"></div><div><small><span class="battle-nickname" title="Crobat">Crobat</span> restored a little HP using its Black Sludge!</small></div><div class="spacer"></div><div>Pureanarchy sent out Nidoqueen!</div><h2>Turn 12</h2><div class="spacer"></div><div><span class="battle-nickname" title="Crobat">Crobat</span> used <strong>U-turn</strong>!</div><div><small>It's not very effective... </small><small>The opposing <span class="battle-nickname-foe" title="Nidoqueen">Nidoqueen</span> lost 6% of its health!</small><br></div><div class="spacer"></div><div><span class="battle-nickname" title="Crobat">Crobat</span> went back to CuhCuh!</div><div class="spacer"></div><div>Go! Simipour!</div><div class="spacer"></div><div>The opposing <span class="battle-nickname-foe" title="Nidoqueen">Nidoqueen</span> used <strong>Ice Beam</strong>!</div><div><small>It's not very effective... </small><small><span class="battle-nickname" title="Simipour">Simipour</span> lost 19% of its health!</small><br></div><div class="spacer"></div><div><small><span class="battle-nickname" title="Simipour">Simipour</span> restored a little HP using its Leftovers!</small></div><h2>Turn 13</h2><div class="spacer"></div><div>Pureanarchy withdrew Nidoqueen!</div><div class="spacer"></div><div>Pureanarchy sent out Wigglytuff!</div><div class="spacer"></div><div><span class="battle-nickname" title="Simipour">Simipour</span> used <strong>Substitute</strong>!</div><div><small><span class="battle-nickname" title="Simipour">Simipour</span> put in a substitute!</small></div><div><small><span class="battle-nickname" title="Simipour">Simipour</span> lost 25% of its health!</small><br></div><div class="spacer"></div><div><small><span class="battle-nickname" title="Simipour">Simipour</span> restored a little HP using its Leftovers!</small></div><h2>Turn 14</h2><div class="spacer"></div><div><span class="battle-nickname" title="Simipour">Simipour</span> used <strong>Nasty Plot</strong>!</div><div><small><span class="battle-nickname" title="Simipour">Simipour</span>'s Special Attack rose sharply! </small></div><div class="spacer"></div><div>The opposing <span class="battle-nickname-foe" title="Wigglytuff">Wigglytuff</span> used <strong>Hyper Voice</strong>!</div><div><small><span class="battle-nickname" title="Simipour">Simipour</span> lost 42% of its health!</small><br></div><div class="spacer"></div><div><small><span class="battle-nickname" title="Simipour">Simipour</span> restored a little HP using its Leftovers!</small></div><h2>Turn 15</h2><div class="spacer"></div><div><span class="battle-nickname" title="Simipour">Simipour</span> used <strong>Hydro Pump</strong>!</div><div><small>The opposing <span class="battle-nickname-foe" title="Wigglytuff">Wigglytuff</span> lost 100% of its health!</small><br></div><div class="spacer"></div><div>The opposing <span class="battle-nickname-foe" title="Wigglytuff">Wigglytuff</span> fainted!</div><div class="spacer"></div><div><small><span class="battle-nickname" title="Simipour">Simipour</span> restored a little HP using its Leftovers!</small></div><div class="chat"><small>Pureanarchy left.</small></div><div><small>Pureanarchy lost due to inactivity.</small></div><div class="spacer"></div><div>CuhCuh won the battle!</div><div class="chat">CuhCuh's rating: 1450 → <strong>1467</strong><br>(+17 for winning)</div><div class="chat">Pureanarchy's rating: 1385 → <strong>1369</strong><br>(-16 for losing)</div></div></div>
</div>
<script>
var daily = Math.floor(Date.now()/1000/60/60/24);document.write('<script src="https://play.pokemonshowdown.com/js/replay-embed.js?version'+daily+'"></'+'script>');
</script>
