<!DOCTYPE html>
<meta charset="utf-8" />
<!-- version 1 -->
<title>[Gen 7] Random Battle replay: HeatVoltHM vs. Niar1108</title>
<style>
html,body {font-family:Verdana, sans-serif;font-size:10pt;margin:0;padding:0;}body{padding:12px 0;} .battle-log {font-family:Verdana, sans-serif;font-size:10pt;} .battle-log-inline {border:1px solid #AAAAAA;background:#EEF2F5;color:black;max-width:640px;margin:0 auto 80px;padding-bottom:5px;} .battle-log .inner {padding:4px 8px 0px 8px;} .battle-log .inner-preempt {padding:0 8px 4px 8px;} .battle-log .inner-after {margin-top:0.5em;} .battle-log h2 {margin:0.5em -8px;padding:4px 8px;border:1px solid #AAAAAA;background:#E0E7EA;border-left:0;border-right:0;font-family:Verdana, sans-serif;font-size:13pt;} .battle-log .chat {vertical-align:middle;padding:3px 0 3px 0;font-size:8pt;} .battle-log .chat strong {color:#40576A;} .battle-log .chat em {padding:1px 4px 1px 3px;color:#000000;font-style:normal;} .chat.mine {background:rgba(0,0,0,0.05);margin-left:-8px;margin-right:-8px;padding-left:8px;padding-right:8px;} .spoiler {color:#BBBBBB;background:#BBBBBB;padding:0px 3px;} .spoiler:hover, .spoiler:active, .spoiler-shown {color:#000000;background:#E2E2E2;padding:0px 3px;} .spoiler a {color:#BBBBBB;} .spoiler:hover a, .spoiler:active a, .spoiler-shown a {color:#2288CC;} .chat code, .chat .spoiler:hover code, .chat .spoiler:active code, .chat .spoiler-shown code {border:1px solid #C0C0C0;background:#EEEEEE;color:black;padding:0 2px;} .chat .spoiler code {border:1px solid #CCCCCC;background:#CCCCCC;color:#CCCCCC;} .battle-log .rated {padding:3px 4px;} .battle-log .rated strong {color:white;background:#89A;padding:1px 4px;border-radius:4px;} .spacer {margin-top:0.5em;} .message-announce {background:#6688AA;color:white;padding:1px 4px 2px;} .message-announce a, .broadcast-green a, .broadcast-blue a, .broadcast-red a {color:#DDEEFF;} .broadcast-green {background-color:#559955;color:white;padding:2px 4px;} .broadcast-blue {background-color:#6688AA;color:white;padding:2px 4px;} .infobox {border:1px solid #6688AA;padding:2px 4px;} .infobox-limited {max-height:200px;overflow:auto;overflow-x:hidden;} .broadcast-red {background-color:#AA5544;color:white;padding:2px 4px;} .message-learn-canlearn {font-weight:bold;color:#228822;text-decoration:underline;} .message-learn-cannotlearn {font-weight:bold;color:#CC2222;text-decoration:underline;} .message-effect-weak {font-weight:bold;color:#CC2222;} .message-effect-resist {font-weight:bold;color:#6688AA;} .message-effect-immune {font-weight:bold;color:#666666;} .message-learn-list {margin-top:0;margin-bottom:0;} .message-throttle-notice, .message-error {color:#992222;} .message-overflow, .chat small.message-overflow {font-size:0pt;} .message-overflow::before {font-size:9pt;content:'...';} .subtle {color:#3A4A66;}
</style>
<div class="wrapper replay-wrapper" style="max-width:1180px;margin:0 auto">
<input type="hidden" name="replayid" value="gen7randombattle-566885501" />
<div class="battle"></div><div class="battle-log"></div><div class="replay-controls"></div><div class="replay-controls-2"></div>
<h1 style="font-weight:normal;text-align:center"><strong>[Gen 7] Random Battle</strong><br /><a href="http://pokemonshowdown.com/users/heatvolthm" class="subtle" target="_blank">HeatVoltHM</a> vs. <a href="http://pokemonshowdown.com/users/niar1108" class="subtle" target="_blank">Niar1108</a></h1>
<script type="text/plain" class="battle-log-data">|j|HeatVoltHM
|j|Niar1108
|player|p1|HeatVoltHM|266
|player|p2|Niar1108|170
|gametype|singles
|gen|7
|tier|[Gen 7] Random Battle
|rated
|seed|36242,29941,64755,53521,10033,37903,22178,48382,6841,22944,36825,7411
|rule|Sleep Clause Mod: Limit one foe put to sleep
|rule|HP Percentage Mod: HP is shown in percentages
|
|start
|switch|p1a: Cloyster|Cloyster, L79, M|100\/100
|switch|p2a: Trevenant|Trevenant, L79, M|100\/100
|turn|1
|choice|move toxicspikes|move hornleech
|
|move|p1a: Cloyster|Toxic Spikes|p2a: Trevenant
|-sidestart|p2: Niar1108|move: Toxic Spikes
|move|p2a: Trevenant|Horn Leech|p1a: Cloyster
|-supereffective|p1a: Cloyster
|-damage|p1a: Cloyster|56\/100
|
|upkeep
|turn|2
|choice|move iciclespear|move hornleech
|
|move|p1a: Cloyster|Icicle Spear|p2a: Trevenant
|-supereffective|p2a: Trevenant
|-damage|p2a: Trevenant|79\/100
|-supereffective|p2a: Trevenant
|-damage|p2a: Trevenant|58\/100
|-supereffective|p2a: Trevenant
|-crit|p2a: Trevenant
|-damage|p2a: Trevenant|24\/100
|-supereffective|p2a: Trevenant
|-damage|p2a: Trevenant|1\/100
|-supereffective|p2a: Trevenant
|-damage|p2a: Trevenant|0 fnt
|-hitcount|p2a: Trevenant|5
|faint|p2a: Trevenant
|
|upkeep
|choice||switch 3
|
|switch|p2a: Rapidash|Rapidash, L79, M|100\/100
|-status|p2a: Rapidash|psn
|turn|3
|inactive|Battle timer is ON: inactive players will automatically lose when time's up. (requested by HeatVoltHM)
|choice|move rockblast|move flareblitz
|
|move|p2a: Rapidash|Flare Blitz|p1a: Cloyster
|-damage|p1a: Cloyster|13\/100
|-damage|p2a: Rapidash|88\/100 psn|[from] recoil|[of] p1a: Cloyster
|-damage|p2a: Rapidash|78\/100 psn|[from] item: Life Orb
|move|p1a: Cloyster|Rock Blast|p2a: Rapidash
|-supereffective|p2a: Rapidash
|-damage|p2a: Rapidash|60\/100 psn
|-supereffective|p2a: Rapidash
|-damage|p2a: Rapidash|44\/100 psn
|-supereffective|p2a: Rapidash
|-damage|p2a: Rapidash|26\/100 psn
|-supereffective|p2a: Rapidash
|-damage|p2a: Rapidash|8\/100 psn
|-supereffective|p2a: Rapidash
|-damage|p2a: Rapidash|0 fnt
|-hitcount|p2a: Rapidash|5
|faint|p2a: Rapidash
|
|upkeep
|choice||switch 5
|
|switch|p2a: Gogoat|Gogoat, L79, F|100\/100
|-status|p2a: Gogoat|psn
|turn|4
|choice|move iciclespear|move hornleech
|
|move|p1a: Cloyster|Icicle Spear|p2a: Gogoat
|-supereffective|p2a: Gogoat
|-crit|p2a: Gogoat
|-damage|p2a: Gogoat|72\/100 psn
|-supereffective|p2a: Gogoat
|-damage|p2a: Gogoat|51\/100 psn
|-supereffective|p2a: Gogoat
|-damage|p2a: Gogoat|32\/100 psn
|-supereffective|p2a: Gogoat
|-damage|p2a: Gogoat|13\/100 psn
|-supereffective|p2a: Gogoat
|-damage|p2a: Gogoat|0 fnt
|-hitcount|p2a: Gogoat|5
|faint|p2a: Gogoat
|
|upkeep
|choice||switch 2
|
|switch|p2a: Thundurus|Thundurus, L76, M|100\/100
|turn|5
|choice|move iciclespear|move thunderbolt
|
|move|p2a: Thundurus|Thunderbolt|p1a: Cloyster
|-supereffective|p1a: Cloyster
|-damage|p1a: Cloyster|0 fnt
|faint|p1a: Cloyster
|
|upkeep
|choice|switch 2|
|
|switch|p1a: Cinccino|Cinccino, L79, M|100\/100
|turn|6
|choice|move rockblast|move knockoff
|
|move|p1a: Cinccino|Rock Blast|p2a: Thundurus
|-supereffective|p2a: Thundurus
|-damage|p2a: Thundurus|73\/100
|-supereffective|p2a: Thundurus
|-damage|p2a: Thundurus|48\/100
|-supereffective|p2a: Thundurus
|-damage|p2a: Thundurus|25\/100
|-supereffective|p2a: Thundurus
|-damage|p2a: Thundurus|0 fnt
|-hitcount|p2a: Thundurus|4
|faint|p2a: Thundurus
|
|upkeep
|choice||switch 4
|
|switch|p2a: Marowak|Marowak, L79, F|100\/100
|-status|p2a: Marowak|psn
|turn|7
|choice|move rockblast|move knockoff
|
|move|p1a: Cinccino|Rock Blast|p2a: Marowak
|-resisted|p2a: Marowak
|-crit|p2a: Marowak
|-damage|p2a: Marowak|93\/100 psn
|-resisted|p2a: Marowak
|-damage|p2a: Marowak|88\/100 psn
|-resisted|p2a: Marowak
|-damage|p2a: Marowak|84\/100 psn
|-resisted|p2a: Marowak
|-damage|p2a: Marowak|78\/100 psn
|-resisted|p2a: Marowak
|-damage|p2a: Marowak|73\/100 psn
|-hitcount|p2a: Marowak|5
|move|p2a: Marowak|Knock Off|p1a: Cinccino
|-damage|p1a: Cinccino|44\/100
|-enditem|p1a: Cinccino|Choice Band|[from] move: Knock Off|[of] p2a: Marowak
|
|-damage|p2a: Marowak|61\/100 psn|[from] psn
|upkeep
|turn|8
|choice|switch 5|move knockoff
|
|switch|p1a: Ledian|Ledian, L79, M|100\/100
|move|p2a: Marowak|Knock Off|p1a: Ledian
|-damage|p1a: Ledian|29\/100
|-enditem|p1a: Ledian|Light Clay|[from] move: Knock Off|[of] p2a: Marowak
|
|-damage|p2a: Marowak|48\/100 psn|[from] psn
|upkeep
|turn|9
|choice|move reflect|move knockoff
|
|move|p1a: Ledian|Reflect|p1a: Ledian
|-sidestart|p1: HeatVoltHM|Reflect
|move|p2a: Marowak|Knock Off|p1a: Ledian
|-damage|p1a: Ledian|6\/100
|
|-damage|p2a: Marowak|36\/100 psn|[from] psn
|upkeep
|turn|10
|choice|move lightscreen|move knockoff
|
|move|p1a: Ledian|Light Screen|p1a: Ledian
|-sidestart|p1: HeatVoltHM|move: Light Screen
|move|p2a: Marowak|Knock Off|p1a: Ledian
|-damage|p1a: Ledian|0 fnt
|faint|p1a: Ledian
|
|-damage|p2a: Marowak|23\/100 psn|[from] psn
|upkeep
|choice|switch 5|
|
|switch|p1a: Cinccino|Cinccino, L79, M|44\/100
|turn|11
|choice|move bulletseed|move earthquake
|
|move|p1a: Cinccino|Bullet Seed|p2a: Marowak
|-supereffective|p2a: Marowak
|-crit|p2a: Marowak
|-damage|p2a: Marowak|5\/100 psn
|-supereffective|p2a: Marowak
|-damage|p2a: Marowak|0 fnt
|-hitcount|p2a: Marowak|2
|faint|p2a: Marowak
|
|upkeep
|choice||switch 6
|
|switch|p2a: Tapu Fini|Tapu Fini, L75|100\/100
|-status|p2a: Tapu Fini|psn
|-fieldstart|move: Misty Terrain|[from] ability: Misty Surge|[of] p2a: Tapu Fini
|turn|12
|choice|move bulletseed|move hydropump
|
|move|p1a: Cinccino|Bullet Seed|p2a: Tapu Fini
|-supereffective|p2a: Tapu Fini
|-damage|p2a: Tapu Fini|87\/100 psn
|-supereffective|p2a: Tapu Fini
|-damage|p2a: Tapu Fini|76\/100 psn
|-supereffective|p2a: Tapu Fini
|-damage|p2a: Tapu Fini|63\/100 psn
|-supereffective|p2a: Tapu Fini
|-damage|p2a: Tapu Fini|51\/100 psn
|-supereffective|p2a: Tapu Fini
|-damage|p2a: Tapu Fini|38\/100 psn
|-hitcount|p2a: Tapu Fini|5
|move|p2a: Tapu Fini|Hydro Pump|p1a: Cinccino
|-damage|p1a: Cinccino|15\/100
|
|-heal|p2a: Tapu Fini|44\/100 psn|[from] item: Leftovers
|-damage|p2a: Tapu Fini|32\/100 psn|[from] psn
|upkeep
|turn|13
|choice|move bulletseed|move icebeam
|
|move|p1a: Cinccino|Bullet Seed|p2a: Tapu Fini
|-supereffective|p2a: Tapu Fini
|-damage|p2a: Tapu Fini|19\/100 psn
|-supereffective|p2a: Tapu Fini
|-damage|p2a: Tapu Fini|6\/100 psn
|-supereffective|p2a: Tapu Fini
|-damage|p2a: Tapu Fini|0 fnt
|-hitcount|p2a: Tapu Fini|3
|faint|p2a: Tapu Fini
|
|win|HeatVoltHM
|raw|HeatVoltHM's rating: 1371 &rarr; <strong>1393<\/strong><br \/>(+22 for winning)
|raw|Niar1108's rating: 1396 &rarr; <strong>1374<\/strong><br \/>(-22 for losing)
|l|Niar1108
|l|HeatVoltHM
|j|HeatVoltHM</script>
</div>
<div class="battle-log battle-log-inline"><div class="inner"><div class="chat"><small>HeatVoltHM joined.</small></div><div class="chat"><small>Niar1108 joined.</small></div><div style="padding:5px 0"><small>Format:</small> <br><strong>[Gen 7] Random Battle</strong></div><div class="rated"><strong>Rated battle</strong></div><div><small><em>Sleep Clause Mod:</em> Limit one foe put to sleep</small></div><div><small><em>HP Percentage Mod:</em> HP is shown in percentages</small></div><div>Battle between HeatVoltHM and Niar1108 started!</div><div class="spacer"></div><div>Go! Cloyster!</div><div class="spacer"></div><div>Niar1108 sent out Trevenant!</div><h2>Turn 1</h2><div class="spacer"></div><div><span class="battle-nickname" title="Cloyster">Cloyster</span> used <strong>Toxic Spikes</strong>!</div><div><small>Poison spikes were scattered on the ground all around the opposing team!</small></div><div class="spacer"></div><div>The opposing <span class="battle-nickname-foe" title="Trevenant">Trevenant</span> used <strong>Horn Leech</strong>!</div><div><small>It's super effective! </small><small><span class="battle-nickname" title="Cloyster">Cloyster</span> lost 44% of its health!</small><br></div><h2>Turn 2</h2><div class="spacer"></div><div><span class="battle-nickname" title="Cloyster">Cloyster</span> used <strong>Icicle Spear</strong>!</div><div><small>It's super effective! </small><small>The opposing <span class="battle-nickname-foe" title="Trevenant">Trevenant</span> lost 21% of its health!</small><br></div><div><small>It's super effective! </small><small>The opposing <span class="battle-nickname-foe" title="Trevenant">Trevenant</span> lost 21% of its health!</small><br></div><div><small>It's super effective! A critical hit! </small><small>The opposing <span class="battle-nickname-foe" title="Trevenant">Trevenant</span> lost 33% of its health!</small><br></div><div><small>It's super effective! </small><small>The opposing <span class="battle-nickname-foe" title="Trevenant">Trevenant</span> lost 23% of its health!</small><br></div><div><small>It's super effective! </small><small>The opposing <span class="battle-nickname-foe" title="Trevenant">Trevenant</span> lost 1% of its health!</small><br></div><div><small>Hit 5 times!</small></div><div class="spacer"></div><div>The opposing <span class="battle-nickname-foe" title="Trevenant">Trevenant</span> fainted!</div><div class="spacer"></div><div>Niar1108 sent out Rapidash!</div><div><small>The opposing <span class="battle-nickname-foe" title="Rapidash">Rapidash</span> was poisoned!</small></div><h2>Turn 3</h2><div class="chat message-error">Battle timer is ON: inactive players will automatically lose when time's up. (requested by HeatVoltHM)</div><div class="spacer"></div><div>The opposing <span class="battle-nickname-foe" title="Rapidash">Rapidash</span> used <strong>Flare Blitz</strong>!</div><div><small><span class="battle-nickname" title="Cloyster">Cloyster</span> lost 43% of its health!</small><br></div><div><small>The opposing <span class="battle-nickname-foe" title="Rapidash">Rapidash</span> is damaged by the recoil!</small></div><div><small>The opposing <span class="battle-nickname-foe" title="Rapidash">Rapidash</span> lost some of its HP!</small></div><div class="spacer"></div><div><span class="battle-nickname" title="Cloyster">Cloyster</span> used <strong>Rock Blast</strong>!</div><div><small>It's super effective! </small><small>The opposing <span class="battle-nickname-foe" title="Rapidash">Rapidash</span> lost 18% of its health!</small><br></div><div><small>It's super effective! </small><small>The opposing <span class="battle-nickname-foe" title="Rapidash">Rapidash</span> lost 16% of its health!</small><br></div><div><small>It's super effective! </small><small>The opposing <span class="battle-nickname-foe" title="Rapidash">Rapidash</span> lost 18% of its health!</small><br></div><div><small>It's super effective! </small><small>The opposing <span class="battle-nickname-foe" title="Rapidash">Rapidash</span> lost 18% of its health!</small><br></div><div><small>It's super effective! </small><small>The opposing <span class="battle-nickname-foe" title="Rapidash">Rapidash</span> lost 8% of its health!</small><br></div><div><small>Hit 5 times!</small></div><div class="spacer"></div><div>The opposing <span class="battle-nickname-foe" title="Rapidash">Rapidash</span> fainted!</div><div class="spacer"></div><div>Niar1108 sent out Gogoat!</div><div><small>The opposing <span class="battle-nickname-foe" title="Gogoat">Gogoat</span> was poisoned!</small></div><h2>Turn 4</h2><div class="spacer"></div><div><span class="battle-nickname" title="Cloyster">Cloyster</span> used <strong>Icicle Spear</strong>!</div><div><small>It's super effective! A critical hit! </small><small>The opposing <span class="battle-nickname-foe" title="Gogoat">Gogoat</span> lost 28% of its health!</small><br></div><div><small>It's super effective! </small><small>The opposing <span class="battle-nickname-foe" title="Gogoat">Gogoat</span> lost 21% of its health!</small><br></div><div><small>It's super effective! </small><small>The opposing <span class="battle-nickname-foe" title="Gogoat">Gogoat</span> lost 19% of its health!</small><br></div><div><small>It's super effective! </small><small>The opposing <span class="battle-nickname-foe" title="Gogoat">Gogoat</span> lost 19% of its health!</small><br></div><div><small>It's super effective! </small><small>The opposing <span class="battle-nickname-foe" title="Gogoat">Gogoat</span> lost 13% of its health!</small><br></div><div><small>Hit 5 times!</small></div><div class="spacer"></div><div>The opposing <span class="battle-nickname-foe" title="Gogoat">Gogoat</span> fainted!</div><div class="spacer"></div><div>Niar1108 sent out Thundurus!</div><h2>Turn 5</h2><div class="spacer"></div><div>The opposing <span class="battle-nickname-foe" title="Thundurus">Thundurus</span> used <strong>Thunderbolt</strong>!</div><div><small>It's super effective! </small><small><span class="battle-nickname" title="Cloyster">Cloyster</span> lost 13% of its health!</small><br></div><div class="spacer"></div><div><span class="battle-nickname" title="Cloyster">Cloyster</span> fainted!</div><div class="spacer"></div><div>Go! Cinccino!</div><h2>Turn 6</h2><div class="spacer"></div><div><span class="battle-nickname" title="Cinccino">Cinccino</span> used <strong>Rock Blast</strong>!</div><div><small>It's super effective! </small><small>The opposing <span class="battle-nickname-foe" title="Thundurus">Thundurus</span> lost 27% of its health!</small><br></div><div><small>It's super effective! </small><small>The opposing <span class="battle-nickname-foe" title="Thundurus">Thundurus</span> lost 25% of its health!</small><br></div><div><small>It's super effective! </small><small>The opposing <span class="battle-nickname-foe" title="Thundurus">Thundurus</span> lost 23% of its health!</small><br></div><div><small>It's super effective! </small><small>The opposing <span class="battle-nickname-foe" title="Thundurus">Thundurus</span> lost 25% of its health!</small><br></div><div><small>Hit 4 times!</small></div><div class="spacer"></div><div>The opposing <span class="battle-nickname-foe" title="Thundurus">Thundurus</span> fainted!</div><div class="spacer"></div><div>Niar1108 sent out Marowak!</div><div><small>The opposing <span class="battle-nickname-foe" title="Marowak">Marowak</span> was poisoned!</small></div><h2>Turn 7</h2><div class="spacer"></div><div><span class="battle-nickname" title="Cinccino">Cinccino</span> used <strong>Rock Blast</strong>!</div><div><small>It's not very effective... A critical hit! </small><small>The opposing <span class="battle-nickname-foe" title="Marowak">Marowak</span> lost 7% of its health!</small><br></div><div><small>It's not very effective... </small><small>The opposing <span class="battle-nickname-foe" title="Marowak">Marowak</span> lost 5% of its health!</small><br></div><div><small>It's not very effective... </small><small>The opposing <span class="battle-nickname-foe" title="Marowak">Marowak</span> lost 4% of its health!</small><br></div><div><small>It's not very effective... </small><small>The opposing <span class="battle-nickname-foe" title="Marowak">Marowak</span> lost 6% of its health!</small><br></div><div><small>It's not very effective... </small><small>The opposing <span class="battle-nickname-foe" title="Marowak">Marowak</span> lost 5% of its health!</small><br></div><div><small>Hit 5 times!</small></div><div class="spacer"></div><div>The opposing <span class="battle-nickname-foe" title="Marowak">Marowak</span> used <strong>Knock Off</strong>!</div><div><small><span class="battle-nickname" title="Cinccino">Cinccino</span> lost 56% of its health!</small><br></div><div><small>The opposing <span class="battle-nickname-foe" title="Marowak">Marowak</span> knocked off <span class="battle-nickname" title="Cinccino">Cinccino</span>'s Choice Band!</small></div><div class="spacer"></div><div><small>The opposing <span class="battle-nickname-foe" title="Marowak">Marowak</span> was hurt by poison!</small></div><h2>Turn 8</h2><div class="spacer"></div><div><span class="battle-nickname" title="Cinccino">Cinccino</span>, come back!</div><div class="spacer"></div><div>Go! Ledian!</div><div class="spacer"></div><div>The opposing <span class="battle-nickname-foe" title="Marowak">Marowak</span> used <strong>Knock Off</strong>!</div><div><small><span class="battle-nickname" title="Ledian">Ledian</span> lost 71% of its health!</small><br></div><div><small>The opposing <span class="battle-nickname-foe" title="Marowak">Marowak</span> knocked off <span class="battle-nickname" title="Ledian">Ledian</span>'s Light Clay!</small></div><div class="spacer"></div><div><small>The opposing <span class="battle-nickname-foe" title="Marowak">Marowak</span> was hurt by poison!</small></div><h2>Turn 9</h2><div class="spacer"></div><div><span class="battle-nickname" title="Ledian">Ledian</span> used <strong>Reflect</strong>!</div><div><small>Reflect made your team stronger against physical moves!</small></div><div class="spacer"></div><div>The opposing <span class="battle-nickname-foe" title="Marowak">Marowak</span> used <strong>Knock Off</strong>!</div><div><small><span class="battle-nickname" title="Ledian">Ledian</span> lost 22% of its health!</small><br></div><div class="spacer"></div><div><small>The opposing <span class="battle-nickname-foe" title="Marowak">Marowak</span> was hurt by poison!</small></div><h2>Turn 10</h2><div class="spacer"></div><div><span class="battle-nickname" title="Ledian">Ledian</span> used <strong>Light Screen</strong>!</div><div><small>Light Screen made your team stronger against special moves!</small></div><div class="spacer"></div><div>The opposing <span class="battle-nickname-foe" title="Marowak">Marowak</span> used <strong>Knock Off</strong>!</div><div><small><span class="battle-nickname" title="Ledian">Ledian</span> lost 6% of its health!</small><br></div><div class="spacer"></div><div><span class="battle-nickname" title="Ledian">Ledian</span> fainted!</div><div class="spacer"></div><div><small>The opposing <span class="battle-nickname-foe" title="Marowak">Marowak</span> was hurt by poison!</small></div><div class="spacer"></div><div>Go! Cinccino!</div><h2>Turn 11</h2><div class="spacer"></div><div><span class="battle-nickname" title="Cinccino">Cinccino</span> used <strong>Bullet Seed</strong>!</div><div><small>It's super effective! A critical hit! </small><small>The opposing <span class="battle-nickname-foe" title="Marowak">Marowak</span> lost 18% of its health!</small><br></div><div><small>It's super effective! </small><small>The opposing <span class="battle-nickname-foe" title="Marowak">Marowak</span> lost 5% of its health!</small><br></div><div><small>Hit 2 times!</small></div><div class="spacer"></div><div>The opposing <span class="battle-nickname-foe" title="Marowak">Marowak</span> fainted!</div><div class="spacer"></div><div>Niar1108 sent out Tapu Fini!</div><div><small>The opposing <span class="battle-nickname-foe" title="Tapu Fini">Tapu Fini</span> was poisoned!</small></div><div><small>[Opposing <span class="battle-nickname-foe" title="Tapu Fini">Tapu Fini</span>'s Misty Surge!]</small></div><div><small>Mist swirls around the battlefield!</small></div><h2>Turn 12</h2><div class="spacer"></div><div><span class="battle-nickname" title="Cinccino">Cinccino</span> used <strong>Bullet Seed</strong>!</div><div><small>It's super effective! </small><small>The opposing <span class="battle-nickname-foe" title="Tapu Fini">Tapu Fini</span> lost 13% of its health!</small><br></div><div><small>It's super effective! </small><small>The opposing <span class="battle-nickname-foe" title="Tapu Fini">Tapu Fini</span> lost 11% of its health!</small><br></div><div><small>It's super effective! </small><small>The opposing <span class="battle-nickname-foe" title="Tapu Fini">Tapu Fini</span> lost 13% of its health!</small><br></div><div><small>It's super effective! </small><small>The opposing <span class="battle-nickname-foe" title="Tapu Fini">Tapu Fini</span> lost 12% of its health!</small><br></div><div><small>It's super effective! </small><small>The opposing <span class="battle-nickname-foe" title="Tapu Fini">Tapu Fini</span> lost 13% of its health!</small><br></div><div><small>Hit 5 times!</small></div><div class="spacer"></div><div>The opposing <span class="battle-nickname-foe" title="Tapu Fini">Tapu Fini</span> used <strong>Hydro Pump</strong>!</div><div><small><span class="battle-nickname" title="Cinccino">Cinccino</span> lost 29% of its health!</small><br></div><div class="spacer"></div><div><small>The opposing <span class="battle-nickname-foe" title="Tapu Fini">Tapu Fini</span> restored a little HP using its Leftovers!</small></div><div><small>The opposing <span class="battle-nickname-foe" title="Tapu Fini">Tapu Fini</span> was hurt by poison!</small></div><h2>Turn 13</h2><div class="spacer"></div><div><span class="battle-nickname" title="Cinccino">Cinccino</span> used <strong>Bullet Seed</strong>!</div><div><small>It's super effective! </small><small>The opposing <span class="battle-nickname-foe" title="Tapu Fini">Tapu Fini</span> lost 13% of its health!</small><br></div><div><small>It's super effective! </small><small>The opposing <span class="battle-nickname-foe" title="Tapu Fini">Tapu Fini</span> lost 13% of its health!</small><br></div><div><small>It's super effective! </small><small>The opposing <span class="battle-nickname-foe" title="Tapu Fini">Tapu Fini</span> lost 6% of its health!</small><br></div><div><small>Hit 3 times!</small></div><div class="spacer"></div><div>The opposing <span class="battle-nickname-foe" title="Tapu Fini">Tapu Fini</span> fainted!</div><div class="spacer"></div><div>HeatVoltHM won the battle!</div><div class="chat">HeatVoltHM's rating: 1371 → <strong>1393</strong><br>(+22 for winning)</div><div class="chat">Niar1108's rating: 1396 → <strong>1374</strong><br>(-22 for losing)</div><div class="chat"><small>Niar1108 left.</small></div><div class="chat"><small>HeatVoltHM left.</small></div><div class="chat"><small>HeatVoltHM joined.</small></div></div></div>
</div>
<script>
var daily = Math.floor(Date.now()/1000/60/60/24);document.write('<script src="https://play.pokemonshowdown.com/js/replay-embed.js?version'+daily+'"></'+'script>');
</script>
