<!DOCTYPE html>
<meta charset="utf-8" />
<!-- version 1 -->
<title>[Gen 7] Random Battle replay: ByAdri05 vs. Kkmoo</title>
<style>
html,body {font-family:Verdana, sans-serif;font-size:10pt;margin:0;padding:0;}body{padding:12px 0;} .battle-log {font-family:Verdana, sans-serif;font-size:10pt;} .battle-log-inline {border:1px solid #AAAAAA;background:#EEF2F5;color:black;max-width:640px;margin:0 auto 80px;padding-bottom:5px;} .battle-log .inner {padding:4px 8px 0px 8px;} .battle-log .inner-preempt {padding:0 8px 4px 8px;} .battle-log .inner-after {margin-top:0.5em;} .battle-log h2 {margin:0.5em -8px;padding:4px 8px;border:1px solid #AAAAAA;background:#E0E7EA;border-left:0;border-right:0;font-family:Verdana, sans-serif;font-size:13pt;} .battle-log .chat {vertical-align:middle;padding:3px 0 3px 0;font-size:8pt;} .battle-log .chat strong {color:#40576A;} .battle-log .chat em {padding:1px 4px 1px 3px;color:#000000;font-style:normal;} .chat.mine {background:rgba(0,0,0,0.05);margin-left:-8px;margin-right:-8px;padding-left:8px;padding-right:8px;} .spoiler {color:#BBBBBB;background:#BBBBBB;padding:0px 3px;} .spoiler:hover, .spoiler:active, .spoiler-shown {color:#000000;background:#E2E2E2;padding:0px 3px;} .spoiler a {color:#BBBBBB;} .spoiler:hover a, .spoiler:active a, .spoiler-shown a {color:#2288CC;} .chat code, .chat .spoiler:hover code, .chat .spoiler:active code, .chat .spoiler-shown code {border:1px solid #C0C0C0;background:#EEEEEE;color:black;padding:0 2px;} .chat .spoiler code {border:1px solid #CCCCCC;background:#CCCCCC;color:#CCCCCC;} .battle-log .rated {padding:3px 4px;} .battle-log .rated strong {color:white;background:#89A;padding:1px 4px;border-radius:4px;} .spacer {margin-top:0.5em;} .message-announce {background:#6688AA;color:white;padding:1px 4px 2px;} .message-announce a, .broadcast-green a, .broadcast-blue a, .broadcast-red a {color:#DDEEFF;} .broadcast-green {background-color:#559955;color:white;padding:2px 4px;} .broadcast-blue {background-color:#6688AA;color:white;padding:2px 4px;} .infobox {border:1px solid #6688AA;padding:2px 4px;} .infobox-limited {max-height:200px;overflow:auto;overflow-x:hidden;} .broadcast-red {background-color:#AA5544;color:white;padding:2px 4px;} .message-learn-canlearn {font-weight:bold;color:#228822;text-decoration:underline;} .message-learn-cannotlearn {font-weight:bold;color:#CC2222;text-decoration:underline;} .message-effect-weak {font-weight:bold;color:#CC2222;} .message-effect-resist {font-weight:bold;color:#6688AA;} .message-effect-immune {font-weight:bold;color:#666666;} .message-learn-list {margin-top:0;margin-bottom:0;} .message-throttle-notice, .message-error {color:#992222;} .message-overflow, .chat small.message-overflow {font-size:0pt;} .message-overflow::before {font-size:9pt;content:'...';} .subtle {color:#3A4A66;}
</style>
<div class="wrapper replay-wrapper" style="max-width:1180px;margin:0 auto">
<input type="hidden" name="replayid" value="gen7randombattle-566884874" />
<div class="battle"></div><div class="battle-log"></div><div class="replay-controls"></div><div class="replay-controls-2"></div>
<h1 style="font-weight:normal;text-align:center"><strong>[Gen 7] Random Battle</strong><br /><a href="http://pokemonshowdown.com/users/byadri05" class="subtle" target="_blank">ByAdri05</a> vs. <a href="http://pokemonshowdown.com/users/kkmoo" class="subtle" target="_blank">Kkmoo</a></h1>
<script type="text/plain" class="battle-log-data">|j|ByAdri05
|j|Kkmoo
|player|p1|ByAdri05|265
|player|p2|Kkmoo|101
|gametype|singles
|gen|7
|tier|[Gen 7] Random Battle
|rated
|seed|52164,39769,12539,10201,28657,40989,26561,31113,5287,30373,33405,32024
|rule|Sleep Clause Mod: Limit one foe put to sleep
|rule|HP Percentage Mod: HP is shown in percentages
|
|start
|switch|p1a: Spiritomb|Spiritomb, L79, F|100\/100
|switch|p2a: Dusknoir|Dusknoir, L79, M|100\/100
|-item|p1a: Spiritomb|Life Orb|[from] ability: Frisk|[of] p2a: Dusknoir|[identify]
|turn|1
|choice|move shadowsneak|move shadowsneak
|
|move|p2a: Dusknoir|Shadow Sneak|p1a: Spiritomb
|-damage|p1a: Spiritomb|84\/100
|move|p1a: Spiritomb|Shadow Sneak|p2a: Dusknoir
|-supereffective|p2a: Dusknoir
|-damage|p2a: Dusknoir|66\/100
|-damage|p1a: Spiritomb|75\/100|[from] item: Life Orb
|
|-heal|p2a: Dusknoir|72\/100|[from] item: Leftovers
|upkeep
|turn|2
|choice|move shadowsneak|move willowisp
|
|move|p1a: Spiritomb|Shadow Sneak|p2a: Dusknoir
|-supereffective|p2a: Dusknoir
|-damage|p2a: Dusknoir|33\/100
|-damage|p1a: Spiritomb|65\/100|[from] item: Life Orb
|move|p2a: Dusknoir|Will-O-Wisp|p1a: Spiritomb
|-status|p1a: Spiritomb|brn
|
|-heal|p2a: Dusknoir|39\/100|[from] item: Leftovers
|-damage|p1a: Spiritomb|59\/100 brn|[from] brn
|upkeep
|turn|3
|choice|move shadowsneak|move painsplit
|
|move|p1a: Spiritomb|Shadow Sneak|p2a: Dusknoir
|-supereffective|p2a: Dusknoir
|-damage|p2a: Dusknoir|23\/100
|-damage|p1a: Spiritomb|49\/100 brn|[from] item: Life Orb
|move|p2a: Dusknoir|Pain Split|p1a: Spiritomb
|-sethp|p1a: Spiritomb|35\/100 brn|p2a: Dusknoir|37\/100|[from] move: Pain Split
|
|-heal|p2a: Dusknoir|43\/100|[from] item: Leftovers
|-damage|p1a: Spiritomb|29\/100 brn|[from] brn
|upkeep
|turn|4
|choice|move darkpulse|move shadowsneak
|
|move|p2a: Dusknoir|Shadow Sneak|p1a: Spiritomb
|-damage|p1a: Spiritomb|12\/100 brn
|move|p1a: Spiritomb|Dark Pulse|p2a: Dusknoir
|-supereffective|p2a: Dusknoir
|-damage|p2a: Dusknoir|0 fnt
|-damage|p1a: Spiritomb|2\/100 brn|[from] item: Life Orb
|faint|p2a: Dusknoir
|
|-damage|p1a: Spiritomb|0 fnt|[from] brn
|upkeep
|faint|p1a: Spiritomb
|choice|switch 6|switch 6
|
|switch|p2a: Sharpedo|Sharpedo, L77, M|100\/100
|switch|p1a: Dunsparce|Dunsparce, L79, F|100\/100
|turn|5
|choice|move bite|move waterfall mega
|
|detailschange|p2a: Sharpedo|Sharpedo-Mega, L77, M
|-mega|p2a: Sharpedo|Sharpedo|Sharpedonite
|move|p2a: Sharpedo|Waterfall|p1a: Dunsparce
|-damage|p1a: Dunsparce|57\/100
|move|p1a: Dunsparce|Bite|p2a: Sharpedo
|-resisted|p2a: Sharpedo
|-damage|p2a: Sharpedo|93\/100
|
|-heal|p1a: Dunsparce|63\/100|[from] item: Leftovers
|upkeep
|turn|6
|choice|move roost|move waterfall
|
|move|p2a: Sharpedo|Waterfall|p1a: Dunsparce
|-damage|p1a: Dunsparce|23\/100
|cant|p1a: Dunsparce|flinch
|
|-heal|p1a: Dunsparce|29\/100|[from] item: Leftovers
|upkeep
|turn|7
|choice|move headbutt|move waterfall
|
|move|p2a: Sharpedo|Waterfall|p1a: Dunsparce
|-damage|p1a: Dunsparce|0 fnt
|faint|p1a: Dunsparce
|
|upkeep
|choice|switch 5|
|
|switch|p1a: Sigilyph|Sigilyph, L79, F|100\/100
|turn|8
|choice|move psychoshift|move crunch
|
|move|p2a: Sharpedo|Crunch|p1a: Sigilyph
|-supereffective|p1a: Sigilyph
|-crit|p1a: Sigilyph
|-damage|p1a: Sigilyph|0 fnt
|faint|p1a: Sigilyph
|
|upkeep
|choice|switch 3|
|
|switch|p1a: Klefki|Klefki, L77, M|100\/100
|turn|9
|choice|move playrough|move crunch
|
|move|p2a: Sharpedo|Crunch|p1a: Klefki
|-resisted|p1a: Klefki
|-damage|p1a: Klefki|65\/100
|move|p1a: Klefki|Play Rough|p2a: Sharpedo
|-supereffective|p2a: Sharpedo
|-damage|p2a: Sharpedo|13\/100
|
|-heal|p1a: Klefki|71\/100|[from] item: Leftovers
|upkeep
|turn|10
|choice|move playrough|move earthquake
|
|move|p2a: Sharpedo|Earthquake|p1a: Klefki
|-supereffective|p1a: Klefki
|-damage|p1a: Klefki|0 fnt
|faint|p1a: Klefki
|
|upkeep
|choice|switch 4|
|
|switch|p1a: Kingdra|Kingdra, L79, F|100\/100
|turn|11
|choice|move ironhead|move crunch
|
|move|p2a: Sharpedo|Crunch|p1a: Kingdra
|-damage|p1a: Kingdra|48\/100
|-unboost|p1a: Kingdra|def|1
|move|p1a: Kingdra|Iron Head|p2a: Sharpedo
|-resisted|p2a: Sharpedo
|-damage|p2a: Sharpedo|0 fnt
|faint|p2a: Sharpedo
|
|upkeep
|choice||switch 2
|
|switch|p2a: Darkrai|Darkrai, L73|100\/100
|turn|12
|choice|move outrage|move hypnosis
|
|move|p2a: Darkrai|Hypnosis|p1a: Kingdra
|-status|p1a: Kingdra|slp
|-enditem|p1a: Kingdra|Lum Berry|[eat]
|-curestatus|p1a: Kingdra|slp|[msg]
|move|p1a: Kingdra|Outrage|p2a: Darkrai
|-damage|p2a: Darkrai|47\/100
|
|-heal|p2a: Darkrai|53\/100|[from] item: Leftovers
|upkeep
|turn|13
|choice|move outrage|move darkpulse
|
|move|p2a: Darkrai|Dark Pulse|p1a: Kingdra
|-damage|p1a: Kingdra|14\/100
|move|p1a: Kingdra|Outrage|p2a: Darkrai|[from]lockedmove
|-damage|p2a: Darkrai|0 fnt
|faint|p2a: Darkrai
|
|upkeep
|choice||switch 4
|
|switch|p2a: Ariados|Ariados, L79, F|100\/100
|turn|14
|choice|move outrage|move suckerpunch
|
|move|p2a: Ariados|Sucker Punch|p1a: Kingdra
|-damage|p1a: Kingdra|0 fnt
|-damage|p2a: Ariados|91\/100|[from] item: Life Orb
|faint|p1a: Kingdra
|
|upkeep
|choice|switch 2|
|
|switch|p1a: Tornadus|Tornadus-Therian, L76, M|100\/100
|turn|15
|choice|move heatwave|move poisonjab
|
|move|p1a: Tornadus|Heat Wave|p2a: Ariados
|-supereffective|p2a: Ariados
|-damage|p2a: Ariados|5\/100
|-damage|p1a: Tornadus|91\/100|[from] item: Life Orb
|move|p2a: Ariados|Poison Jab|p1a: Tornadus
|-damage|p1a: Tornadus|44\/100
|-damage|p2a: Ariados|0 fnt|[from] item: Life Orb
|faint|p2a: Ariados
|
|upkeep
|choice||switch 3
|
|switch|p2a: Ninetales|Ninetales, L79, M|100\/100
|-weather|SunnyDay|[from] ability: Drought|[of] p2a: Ninetales
|turn|16
|choice|move airslash|move hiddenpower
|
|move|p1a: Tornadus|Air Slash|p2a: Ninetales
|-damage|p2a: Ninetales|65\/100
|-damage|p1a: Tornadus|34\/100|[from] item: Life Orb
|move|p2a: Ninetales|Hidden Power|p1a: Tornadus
|-supereffective|p1a: Tornadus
|-damage|p1a: Tornadus|5\/100
|
|-weather|SunnyDay|[upkeep]
|-heal|p2a: Ninetales|72\/100|[from] item: Leftovers
|upkeep
|turn|17
|choice|move knockoff|move hiddenpower
|
|move|p1a: Tornadus|Knock Off|p2a: Ninetales
|-damage|p2a: Ninetales|36\/100
|-enditem|p2a: Ninetales|Leftovers|[from] move: Knock Off|[of] p1a: Tornadus
|-damage|p1a: Tornadus|0 fnt|[from] item: Life Orb
|faint|p1a: Tornadus
|
|win|Kkmoo
|raw|ByAdri05's rating: 1035 &rarr; <strong>1023<\/strong><br \/>(-12 for losing)
|raw|Kkmoo's rating: 1109 &rarr; <strong>1129<\/strong><br \/>(+20 for winning)
|l|Kkmoo</script>
</div>
<div class="battle-log battle-log-inline"><div class="inner"><div class="chat"><small>ByAdri05 joined.</small></div><div class="chat"><small>Kkmoo joined.</small></div><div style="padding:5px 0"><small>Format:</small> <br><strong>[Gen 7] Random Battle</strong></div><div class="rated"><strong>Rated battle</strong></div><div><small><em>Sleep Clause Mod:</em> Limit one foe put to sleep</small></div><div><small><em>HP Percentage Mod:</em> HP is shown in percentages</small></div><div>Battle between ByAdri05 and Kkmoo started!</div><div class="spacer"></div><div>Go! Spiritomb!</div><div class="spacer"></div><div>Kkmoo sent out Dusknoir!</div><div><small>[Opposing <span class="battle-nickname-foe" title="Dusknoir">Dusknoir</span>'s Frisk!]</small></div><div><small>The opposing <span class="battle-nickname-foe" title="Dusknoir">Dusknoir</span> frisked <span class="battle-nickname" title="Spiritomb">Spiritomb</span> and found its Life Orb!</small></div><h2>Turn 1</h2><div class="spacer"></div><div>The opposing <span class="battle-nickname-foe" title="Dusknoir">Dusknoir</span> used <strong>Shadow Sneak</strong>!</div><div><small><span class="battle-nickname" title="Spiritomb">Spiritomb</span> lost 16% of its health!</small><br></div><div class="spacer"></div><div><span class="battle-nickname" title="Spiritomb">Spiritomb</span> used <strong>Shadow Sneak</strong>!</div><div><small>It's super effective! </small><small>The opposing <span class="battle-nickname-foe" title="Dusknoir">Dusknoir</span> lost 34% of its health!</small><br></div><div><small><span class="battle-nickname" title="Spiritomb">Spiritomb</span> lost some of its HP!</small></div><div class="spacer"></div><div><small>The opposing <span class="battle-nickname-foe" title="Dusknoir">Dusknoir</span> restored a little HP using its Leftovers!</small></div><h2>Turn 2</h2><div class="spacer"></div><div><span class="battle-nickname" title="Spiritomb">Spiritomb</span> used <strong>Shadow Sneak</strong>!</div><div><small>It's super effective! </small><small>The opposing <span class="battle-nickname-foe" title="Dusknoir">Dusknoir</span> lost 39% of its health!</small><br></div><div><small><span class="battle-nickname" title="Spiritomb">Spiritomb</span> lost some of its HP!</small></div><div class="spacer"></div><div>The opposing <span class="battle-nickname-foe" title="Dusknoir">Dusknoir</span> used <strong>Will-O-Wisp</strong>!</div><div><small><span class="battle-nickname" title="Spiritomb">Spiritomb</span> was burned!</small></div><div class="spacer"></div><div><small>The opposing <span class="battle-nickname-foe" title="Dusknoir">Dusknoir</span> restored a little HP using its Leftovers!</small></div><div><small><span class="battle-nickname" title="Spiritomb">Spiritomb</span> was hurt by its burn!</small></div><h2>Turn 3</h2><div class="spacer"></div><div><span class="battle-nickname" title="Spiritomb">Spiritomb</span> used <strong>Shadow Sneak</strong>!</div><div><small>It's super effective! </small><small>The opposing <span class="battle-nickname-foe" title="Dusknoir">Dusknoir</span> lost 16% of its health!</small><br></div><div><small><span class="battle-nickname" title="Spiritomb">Spiritomb</span> lost some of its HP!</small></div><div class="spacer"></div><div>The opposing <span class="battle-nickname-foe" title="Dusknoir">Dusknoir</span> used <strong>Pain Split</strong>!</div><div><small>The battlers shared their pain!</small></div><div class="spacer"></div><div><small>The opposing <span class="battle-nickname-foe" title="Dusknoir">Dusknoir</span> restored a little HP using its Leftovers!</small></div><div><small><span class="battle-nickname" title="Spiritomb">Spiritomb</span> was hurt by its burn!</small></div><h2>Turn 4</h2><div class="spacer"></div><div>The opposing <span class="battle-nickname-foe" title="Dusknoir">Dusknoir</span> used <strong>Shadow Sneak</strong>!</div><div><small><span class="battle-nickname" title="Spiritomb">Spiritomb</span> lost 16% of its health!</small><br></div><div class="spacer"></div><div><span class="battle-nickname" title="Spiritomb">Spiritomb</span> used <strong>Dark Pulse</strong>!</div><div><small>It's super effective! </small><small>The opposing <span class="battle-nickname-foe" title="Dusknoir">Dusknoir</span> lost 43% of its health!</small><br></div><div><small><span class="battle-nickname" title="Spiritomb">Spiritomb</span> lost some of its HP!</small></div><div class="spacer"></div><div>The opposing <span class="battle-nickname-foe" title="Dusknoir">Dusknoir</span> fainted!</div><div class="spacer"></div><div><small><span class="battle-nickname" title="Spiritomb">Spiritomb</span> was hurt by its burn!</small></div><div class="spacer"></div><div><span class="battle-nickname" title="Spiritomb">Spiritomb</span> fainted!</div><div class="spacer"></div><div>Kkmoo sent out Sharpedo!</div><div class="spacer"></div><div>Go! Dunsparce!</div><h2>Turn 5</h2><div class="spacer"></div><div><small>The opposing <span class="battle-nickname-foe" title="Sharpedo-Mega">Sharpedo</span>'s Sharpedonite is reacting to Kkmoo's Mega Bracelet!<br>The opposing <span class="battle-nickname-foe" title="Sharpedo-Mega">Sharpedo</span> has Mega Evolved into Mega Sharpedo!</small></div><div class="spacer"></div><div>The opposing <span class="battle-nickname-foe" title="Sharpedo-Mega">Sharpedo</span> used <strong>Waterfall</strong>!</div><div><small><span class="battle-nickname" title="Dunsparce">Dunsparce</span> lost 43% of its health!</small><br></div><div class="spacer"></div><div><span class="battle-nickname" title="Dunsparce">Dunsparce</span> used <strong>Bite</strong>!</div><div><small>It's not very effective... </small><small>The opposing <span class="battle-nickname-foe" title="Sharpedo-Mega">Sharpedo</span> lost 7% of its health!</small><br></div><div class="spacer"></div><div><small><span class="battle-nickname" title="Dunsparce">Dunsparce</span> restored a little HP using its Leftovers!</small></div><h2>Turn 6</h2><div class="spacer"></div><div>The opposing <span class="battle-nickname-foe" title="Sharpedo-Mega">Sharpedo</span> used <strong>Waterfall</strong>!</div><div><small><span class="battle-nickname" title="Dunsparce">Dunsparce</span> lost 40% of its health!</small><br></div><div class="spacer"></div><div><span class="battle-nickname" title="Dunsparce">Dunsparce</span> flinched and couldn't move!</div><div class="spacer"></div><div><small><span class="battle-nickname" title="Dunsparce">Dunsparce</span> restored a little HP using its Leftovers!</small></div><h2>Turn 7</h2><div class="spacer"></div><div>The opposing <span class="battle-nickname-foe" title="Sharpedo-Mega">Sharpedo</span> used <strong>Waterfall</strong>!</div><div><small><span class="battle-nickname" title="Dunsparce">Dunsparce</span> lost 28% of its health!</small><br></div><div class="spacer"></div><div><span class="battle-nickname" title="Dunsparce">Dunsparce</span> fainted!</div><div class="spacer"></div><div>Go! Sigilyph!</div><h2>Turn 8</h2><div class="spacer"></div><div>The opposing <span class="battle-nickname-foe" title="Sharpedo-Mega">Sharpedo</span> used <strong>Crunch</strong>!</div><div><small>It's super effective! A critical hit! </small><small><span class="battle-nickname" title="Sigilyph">Sigilyph</span> lost 100% of its health!</small><br></div><div class="spacer"></div><div><span class="battle-nickname" title="Sigilyph">Sigilyph</span> fainted!</div><div class="spacer"></div><div>Go! Klefki!</div><h2>Turn 9</h2><div class="spacer"></div><div>The opposing <span class="battle-nickname-foe" title="Sharpedo-Mega">Sharpedo</span> used <strong>Crunch</strong>!</div><div><small>It's not very effective... </small><small><span class="battle-nickname" title="Klefki">Klefki</span> lost 35% of its health!</small><br></div><div class="spacer"></div><div><span class="battle-nickname" title="Klefki">Klefki</span> used <strong>Play Rough</strong>!</div><div><small>It's super effective! </small><small>The opposing <span class="battle-nickname-foe" title="Sharpedo-Mega">Sharpedo</span> lost 80% of its health!</small><br></div><div class="spacer"></div><div><small><span class="battle-nickname" title="Klefki">Klefki</span> restored a little HP using its Leftovers!</small></div><h2>Turn 10</h2><div class="spacer"></div><div>The opposing <span class="battle-nickname-foe" title="Sharpedo-Mega">Sharpedo</span> used <strong>Earthquake</strong>!</div><div><small>It's super effective! </small><small><span class="battle-nickname" title="Klefki">Klefki</span> lost 71% of its health!</small><br></div><div class="spacer"></div><div><span class="battle-nickname" title="Klefki">Klefki</span> fainted!</div><div class="spacer"></div><div>Go! Kingdra!</div><h2>Turn 11</h2><div class="spacer"></div><div>The opposing <span class="battle-nickname-foe" title="Sharpedo-Mega">Sharpedo</span> used <strong>Crunch</strong>!</div><div><small><span class="battle-nickname" title="Kingdra">Kingdra</span> lost 52% of its health!</small><br></div><div><small><span class="battle-nickname" title="Kingdra">Kingdra</span>'s Defense fell! </small></div><div class="spacer"></div><div><span class="battle-nickname" title="Kingdra">Kingdra</span> used <strong>Iron Head</strong>!</div><div><small>It's not very effective... </small><small>The opposing <span class="battle-nickname-foe" title="Sharpedo-Mega">Sharpedo</span> lost 13% of its health!</small><br></div><div class="spacer"></div><div>The opposing <span class="battle-nickname-foe" title="Sharpedo-Mega">Sharpedo</span> fainted!</div><div class="spacer"></div><div>Kkmoo sent out Darkrai!</div><h2>Turn 12</h2><div class="spacer"></div><div>The opposing <span class="battle-nickname-foe" title="Darkrai">Darkrai</span> used <strong>Hypnosis</strong>!</div><div><small><span class="battle-nickname" title="Kingdra">Kingdra</span> fell asleep!</small></div><div><small><span class="battle-nickname" title="Kingdra">Kingdra</span> ate its Lum Berry!</small></div><div><small><span class="battle-nickname" title="Kingdra">Kingdra</span> woke up!</small></div><div class="spacer"></div><div><span class="battle-nickname" title="Kingdra">Kingdra</span> used <strong>Outrage</strong>!</div><div><small>The opposing <span class="battle-nickname-foe" title="Darkrai">Darkrai</span> lost 53% of its health!</small><br></div><div class="spacer"></div><div><small>The opposing <span class="battle-nickname-foe" title="Darkrai">Darkrai</span> restored a little HP using its Leftovers!</small></div><h2>Turn 13</h2><div class="spacer"></div><div>The opposing <span class="battle-nickname-foe" title="Darkrai">Darkrai</span> used <strong>Dark Pulse</strong>!</div><div><small><span class="battle-nickname" title="Kingdra">Kingdra</span> lost 34% of its health!</small><br></div><div class="spacer"></div><div><span class="battle-nickname" title="Kingdra">Kingdra</span> used <strong>Outrage</strong>!</div><div><small>The opposing <span class="battle-nickname-foe" title="Darkrai">Darkrai</span> lost 53% of its health!</small><br></div><div class="spacer"></div><div>The opposing <span class="battle-nickname-foe" title="Darkrai">Darkrai</span> fainted!</div><div class="spacer"></div><div>Kkmoo sent out Ariados!</div><h2>Turn 14</h2><div class="spacer"></div><div>The opposing <span class="battle-nickname-foe" title="Ariados">Ariados</span> used <strong>Sucker Punch</strong>!</div><div><small><span class="battle-nickname" title="Kingdra">Kingdra</span> lost 14% of its health!</small><br></div><div><small>The opposing <span class="battle-nickname-foe" title="Ariados">Ariados</span> lost some of its HP!</small></div><div class="spacer"></div><div><span class="battle-nickname" title="Kingdra">Kingdra</span> fainted!</div><div class="spacer"></div><div>Go! <span class="battle-nickname" title="Tornadus-Therian">Tornadus <small>(Tornadus-Therian)</small></span>!</div><h2>Turn 15</h2><div class="spacer"></div><div><span class="battle-nickname" title="Tornadus-Therian">Tornadus</span> used <strong>Heat Wave</strong>!</div><div><small>It's super effective! </small><small>The opposing <span class="battle-nickname-foe" title="Ariados">Ariados</span> lost 86% of its health!</small><br></div><div><small><span class="battle-nickname" title="Tornadus-Therian">Tornadus</span> lost some of its HP!</small></div><div class="spacer"></div><div>The opposing <span class="battle-nickname-foe" title="Ariados">Ariados</span> used <strong>Poison Jab</strong>!</div><div><small><span class="battle-nickname" title="Tornadus-Therian">Tornadus</span> lost 47% of its health!</small><br></div><div><small>The opposing <span class="battle-nickname-foe" title="Ariados">Ariados</span> lost some of its HP!</small></div><div class="spacer"></div><div>The opposing <span class="battle-nickname-foe" title="Ariados">Ariados</span> fainted!</div><div class="spacer"></div><div>Kkmoo sent out Ninetales!</div><div><small>[Opposing <span class="battle-nickname-foe" title="Ninetales">Ninetales</span>'s Drought!]</small></div><div><small>The sunlight turned harsh!</small></div><h2>Turn 16</h2><div class="spacer"></div><div><span class="battle-nickname" title="Tornadus-Therian">Tornadus</span> used <strong>Air Slash</strong>!</div><div><small>The opposing <span class="battle-nickname-foe" title="Ninetales">Ninetales</span> lost 35% of its health!</small><br></div><div><small><span class="battle-nickname" title="Tornadus-Therian">Tornadus</span> lost some of its HP!</small></div><div class="spacer"></div><div>The opposing <span class="battle-nickname-foe" title="Ninetales">Ninetales</span> used <strong>Hidden Power</strong>!</div><div><small>It's super effective! </small><small><span class="battle-nickname" title="Tornadus-Therian">Tornadus</span> lost 29% of its health!</small><br></div><div class="spacer"></div><div><small>The opposing <span class="battle-nickname-foe" title="Ninetales">Ninetales</span> restored a little HP using its Leftovers!</small></div><h2>Turn 17</h2><div class="spacer"></div><div><span class="battle-nickname" title="Tornadus-Therian">Tornadus</span> used <strong>Knock Off</strong>!</div><div><small>The opposing <span class="battle-nickname-foe" title="Ninetales">Ninetales</span> lost 36% of its health!</small><br></div><div><small><span class="battle-nickname" title="Tornadus-Therian">Tornadus</span> knocked off the opposing <span class="battle-nickname-foe" title="Ninetales">Ninetales</span>'s Leftovers!</small></div><div><small><span class="battle-nickname" title="Tornadus-Therian">Tornadus</span> lost some of its HP!</small></div><div class="spacer"></div><div><span class="battle-nickname" title="Tornadus-Therian">Tornadus</span> fainted!</div><div class="spacer"></div><div>Kkmoo won the battle!</div><div class="chat">ByAdri05's rating: 1035 → <strong>1023</strong><br>(-12 for losing)</div><div class="chat">Kkmoo's rating: 1109 → <strong>1129</strong><br>(+20 for winning)</div><div class="chat"><small>Kkmoo left.</small></div></div></div>
</div>
<script>
var daily = Math.floor(Date.now()/1000/60/60/24);document.write('<script src="https://play.pokemonshowdown.com/js/replay-embed.js?version'+daily+'"></'+'script>');
</script>
