<!DOCTYPE html>
<meta charset="utf-8" />
<!-- version 1 -->
<title>[Gen 7] Random Battle replay: tony games vs. Lillie Venusaur</title>
<style>
html,body {font-family:Verdana, sans-serif;font-size:10pt;margin:0;padding:0;}body{padding:12px 0;} .battle-log {font-family:Verdana, sans-serif;font-size:10pt;} .battle-log-inline {border:1px solid #AAAAAA;background:#EEF2F5;color:black;max-width:640px;margin:0 auto 80px;padding-bottom:5px;} .battle-log .inner {padding:4px 8px 0px 8px;} .battle-log .inner-preempt {padding:0 8px 4px 8px;} .battle-log .inner-after {margin-top:0.5em;} .battle-log h2 {margin:0.5em -8px;padding:4px 8px;border:1px solid #AAAAAA;background:#E0E7EA;border-left:0;border-right:0;font-family:Verdana, sans-serif;font-size:13pt;} .battle-log .chat {vertical-align:middle;padding:3px 0 3px 0;font-size:8pt;} .battle-log .chat strong {color:#40576A;} .battle-log .chat em {padding:1px 4px 1px 3px;color:#000000;font-style:normal;} .chat.mine {background:rgba(0,0,0,0.05);margin-left:-8px;margin-right:-8px;padding-left:8px;padding-right:8px;} .spoiler {color:#BBBBBB;background:#BBBBBB;padding:0px 3px;} .spoiler:hover, .spoiler:active, .spoiler-shown {color:#000000;background:#E2E2E2;padding:0px 3px;} .spoiler a {color:#BBBBBB;} .spoiler:hover a, .spoiler:active a, .spoiler-shown a {color:#2288CC;} .chat code, .chat .spoiler:hover code, .chat .spoiler:active code, .chat .spoiler-shown code {border:1px solid #C0C0C0;background:#EEEEEE;color:black;padding:0 2px;} .chat .spoiler code {border:1px solid #CCCCCC;background:#CCCCCC;color:#CCCCCC;} .battle-log .rated {padding:3px 4px;} .battle-log .rated strong {color:white;background:#89A;padding:1px 4px;border-radius:4px;} .spacer {margin-top:0.5em;} .message-announce {background:#6688AA;color:white;padding:1px 4px 2px;} .message-announce a, .broadcast-green a, .broadcast-blue a, .broadcast-red a {color:#DDEEFF;} .broadcast-green {background-color:#559955;color:white;padding:2px 4px;} .broadcast-blue {background-color:#6688AA;color:white;padding:2px 4px;} .infobox {border:1px solid #6688AA;padding:2px 4px;} .infobox-limited {max-height:200px;overflow:auto;overflow-x:hidden;} .broadcast-red {background-color:#AA5544;color:white;padding:2px 4px;} .message-learn-canlearn {font-weight:bold;color:#228822;text-decoration:underline;} .message-learn-cannotlearn {font-weight:bold;color:#CC2222;text-decoration:underline;} .message-effect-weak {font-weight:bold;color:#CC2222;} .message-effect-resist {font-weight:bold;color:#6688AA;} .message-effect-immune {font-weight:bold;color:#666666;} .message-learn-list {margin-top:0;margin-bottom:0;} .message-throttle-notice, .message-error {color:#992222;} .message-overflow, .chat small.message-overflow {font-size:0pt;} .message-overflow::before {font-size:9pt;content:'...';} .subtle {color:#3A4A66;}
</style>
<div class="wrapper replay-wrapper" style="max-width:1180px;margin:0 auto">
<input type="hidden" name="replayid" value="gen7randombattle-566878060" />
<div class="battle"></div><div class="battle-log"></div><div class="replay-controls"></div><div class="replay-controls-2"></div>
<h1 style="font-weight:normal;text-align:center"><strong>[Gen 7] Random Battle</strong><br /><a href="http://pokemonshowdown.com/users/tonygames" class="subtle" target="_blank">tony games</a> vs. <a href="http://pokemonshowdown.com/users/lillievenusaur" class="subtle" target="_blank">Lillie Venusaur</a></h1>
<script type="text/plain" class="battle-log-data">|j|tony games
|j|Lillie Venusaur
|inactive|Battle timer is ON: inactive players will automatically lose when time's up.
|player|p1|tony games|64
|player|p2|Lillie Venusaur|34
|gametype|singles
|gen|7
|tier|[Gen 7] Random Battle
|seed|11035,38509,43130,59192,43121,12714,62724,52837,25014,40687,30135,7875
|rule|Sleep Clause Mod: Limit one foe put to sleep
|rule|HP Percentage Mod: HP is shown in percentages
|
|start
|switch|p1a: Scolipede|Scolipede, L75, M|100\/100
|switch|p2a: Simisage|Simisage, L79, M|100\/100
|turn|1
|j|Maria Lopes
|choice|move substitute|switch 3
|
|switch|p2a: Castform|Castform, L79, F|100\/100
|move|p1a: Scolipede|Substitute|p1a: Scolipede
|-start|p1a: Scolipede|Substitute
|-damage|p1a: Scolipede|76\/100
|
|-heal|p1a: Scolipede|82\/100|[from] item: Black Sludge
|-ability|p1a: Scolipede|Speed Boost|boost
|-boost|p1a: Scolipede|spe|1
|upkeep
|turn|2
|choice|move spikes|move sunnyday
|
|move|p1a: Scolipede|Spikes|p2a: Castform
|-sidestart|p2: Lillie Venusaur|Spikes
|move|p2a: Castform|Sunny Day|p2a: Castform
|-weather|SunnyDay
|-formechange|p2a: Castform|Castform-Sunny|[msg]|[from] ability: Forecast
|
|-weather|SunnyDay|[upkeep]
|-heal|p1a: Scolipede|88\/100|[from] item: Black Sludge
|-ability|p1a: Scolipede|Speed Boost|boost
|-boost|p1a: Scolipede|spe|1
|upkeep
|turn|3
|j|sombrio 3
|choice|move batonpass|move weatherball
|
|move|p1a: Scolipede|Baton Pass|p1a: Scolipede
|raw|<div class="broadcast-red"><strong>Moderated chat was set to +!<\/strong><br \/>Only users of rank + and higher can talk.<\/div>
|choice|switch 6|
|
|switch|p1a: Solrock|Solrock, L79|100\/100
|move|p2a: Castform|Weather Ball|p1a: Solrock
|-resisted|p1a: Solrock
|-end|p1a: Solrock|Substitute
|
|-weather|SunnyDay|[upkeep]
|upkeep
|turn|4
|choice|move rockslide|move solarbeam
|
|move|p1a: Solrock|Rock Slide|p2a: Castform|[miss]
|-miss|p1a: Solrock|p2a: Castform
|move|p2a: Castform|Solar Beam|p1a: Solrock|[still]
|-prepare|p2a: Castform|Solar Beam|p1a: Solrock
|-anim|p2a: Castform|Solar Beam|p1a: Solrock
|-supereffective|p1a: Solrock
|-damage|p1a: Solrock|39\/100
|
|-weather|SunnyDay|[upkeep]
|upkeep
|turn|5
|choice|move rockslide|move solarbeam
|
|move|p1a: Solrock|Rock Slide|p2a: Castform
|-supereffective|p2a: Castform
|-damage|p2a: Castform|30\/100
|cant|p2a: Castform|flinch
|
|-weather|SunnyDay|[upkeep]
|upkeep
|turn|6
|choice|move rockslide|move solarbeam
|
|move|p1a: Solrock|Rock Slide|p2a: Castform
|-supereffective|p2a: Castform
|-damage|p2a: Castform|0 fnt
|faint|p2a: Castform
|
|-weather|SunnyDay|[upkeep]
|upkeep
|j|Nayuki
|l|Nayuki
|choice||switch 3
|
|switch|p2a: Simisage|Simisage, L79, M|100\/100
|-damage|p2a: Simisage|88\/100|[from] Spikes
|turn|7
|choice|move explosion|move gigadrain
|
|move|p1a: Solrock|Explosion|p2a: Simisage
|-damage|p2a: Simisage|5\/100
|faint|p1a: Solrock
|move|p2a: Simisage|Giga Drain|p1: Solrock|[notarget]
|-notarget
|
|-weather|SunnyDay|[upkeep]
|upkeep
|choice|switch 5|
|
|switch|p1a: Greninja|Greninja, L75, F|100\/100
|turn|8
|choice|move icebeam|switch 4
|
|switch|p2a: Dewgong|Dewgong, L79, F|100\/100
|-damage|p2a: Dewgong|88\/100|[from] Spikes
|move|p1a: Greninja|Ice Beam|p2a: Dewgong
|-resisted|p2a: Dewgong
|-damage|p2a: Dewgong|86\/100
|
|-weather|SunnyDay|[upkeep]
|-heal|p2a: Dewgong|92\/100|[from] item: Leftovers
|upkeep
|turn|9
|choice|move uturn|move toxic
|
|move|p1a: Greninja|U-turn|p2a: Dewgong
|-damage|p2a: Dewgong|75\/100
|choice|switch 2|
|
|switch|p1a: Wormadam|Wormadam, L79, F|100\/100
|move|p2a: Dewgong|Toxic|p1a: Wormadam
|-status|p1a: Wormadam|tox
|
|-weather|none
|-heal|p2a: Dewgong|81\/100|[from] item: Leftovers
|-damage|p1a: Wormadam|94\/100 tox|[from] psn
|upkeep
|turn|10
|choice|move toxic|move icebeam
|
|move|p2a: Dewgong|Ice Beam|p1a: Wormadam
|-supereffective|p1a: Wormadam
|-damage|p1a: Wormadam|41\/100 tox
|move|p1a: Wormadam|Toxic|p2a: Dewgong
|-status|p2a: Dewgong|tox
|
|-heal|p2a: Dewgong|86\/100 tox|[from] item: Leftovers
|-heal|p1a: Wormadam|47\/100 tox|[from] item: Leftovers
|-damage|p2a: Dewgong|81\/100 tox|[from] psn
|-damage|p1a: Wormadam|34\/100 tox|[from] psn
|upkeep
|turn|11
|choice|move gigadrain|move icebeam
|
|move|p2a: Dewgong|Ice Beam|p1a: Wormadam
|-supereffective|p1a: Wormadam
|-damage|p1a: Wormadam|0 fnt
|faint|p1a: Wormadam
|
|-heal|p2a: Dewgong|86\/100 tox|[from] item: Leftovers
|-damage|p2a: Dewgong|75\/100 tox|[from] psn
|upkeep
|choice|switch 6|
|
|switch|p1a: Scolipede|Scolipede, L75, M|88\/100
|turn|12
|choice|move substitute|move encore
|
|move|p1a: Scolipede|Substitute|p1a: Scolipede
|-start|p1a: Scolipede|Substitute
|-damage|p1a: Scolipede|63\/100
|move|p2a: Dewgong|Encore|p1a: Scolipede
|-start|p1a: Scolipede|Encore
|
|-heal|p1a: Scolipede|69\/100|[from] item: Black Sludge
|-heal|p2a: Dewgong|81\/100 tox|[from] item: Leftovers
|-damage|p2a: Dewgong|63\/100 tox|[from] psn
|-ability|p1a: Scolipede|Speed Boost|boost
|-boost|p1a: Scolipede|spe|1
|upkeep
|turn|13
|c|☆tony games|filho
|c|☆tony games|da
|choice|move substitute|switch 6
|
|switch|p2a: Deoxys|Deoxys-Attack, L73|100\/100
|-damage|p2a: Deoxys|88\/100|[from] Spikes
|-ability|p2a: Deoxys|Pressure
|move|p1a: Scolipede|Substitute|p1a: Scolipede
|-fail|p1a: Scolipede|move: Substitute
|
|-heal|p1a: Scolipede|75\/100|[from] item: Black Sludge
|-ability|p1a: Scolipede|Speed Boost|boost
|-boost|p1a: Scolipede|spe|1
|upkeep
|turn|14
|choice|move substitute|move firepunch
|
|move|p1a: Scolipede|Substitute|p1a: Scolipede
|-fail|p1a: Scolipede|move: Substitute
|move|p2a: Deoxys|Fire Punch|p1a: Scolipede
|-supereffective|p1a: Scolipede
|-end|p1a: Scolipede|Substitute
|-damage|p2a: Deoxys|78\/100|[from] item: Life Orb
|
|-heal|p1a: Scolipede|81\/100|[from] item: Black Sludge
|-ability|p1a: Scolipede|Speed Boost|boost
|-boost|p1a: Scolipede|spe|1
|upkeep
|turn|15
|choice|move substitute|move firepunch
|
|move|p1a: Scolipede|Substitute|p1a: Scolipede
|-start|p1a: Scolipede|Substitute
|-damage|p1a: Scolipede|57\/100
|move|p2a: Deoxys|Fire Punch|p1a: Scolipede
|-supereffective|p1a: Scolipede
|-end|p1a: Scolipede|Substitute
|-damage|p2a: Deoxys|68\/100|[from] item: Life Orb
|
|-heal|p1a: Scolipede|63\/100|[from] item: Black Sludge
|-end|p1a: Scolipede|Encore
|-ability|p1a: Scolipede|Speed Boost|boost
|-boost|p1a: Scolipede|spe|1
|upkeep
|turn|16
|j|gamer ze
|choice|move batonpass|move extremespeed
|
|move|p2a: Deoxys|Extreme Speed|p1a: Scolipede
|-damage|p1a: Scolipede|16\/100
|-damage|p2a: Deoxys|59\/100|[from] item: Life Orb
|move|p1a: Scolipede|Baton Pass|p1a: Scolipede
|choice|switch 2|
|
|switch|p1a: Greninja|Greninja, L75, F|100\/100
|
|upkeep
|turn|17
|choice|move uturn|switch 2
|
|switch|p2a: Xerneas|Xerneas, L73|100\/100
|-damage|p2a: Xerneas|88\/100|[from] Spikes
|-ability|p2a: Xerneas|Fairy Aura
|move|p1a: Greninja|U-turn|p2a: Xerneas
|-resisted|p2a: Xerneas
|-damage|p2a: Xerneas|80\/100
|choice|switch 3|
|
|switch|p1a: Salazzle|Salazzle, L79, F|100\/100
|-item|p1a: Salazzle|Air Balloon
|
|upkeep
|turn|18
|choice|move sludgewave|move rockslide
|
|move|p1a: Salazzle|Sludge Wave|p2a: Xerneas
|-supereffective|p2a: Xerneas
|-damage|p2a: Xerneas|33\/100
|-status|p2a: Xerneas|psn
|move|p2a: Xerneas|Rock Slide|p1a: Salazzle
|-supereffective|p1a: Salazzle
|-damage|p1a: Salazzle|35\/100
|-enditem|p1a: Salazzle|Air Balloon
|
|-damage|p2a: Xerneas|20\/100 psn|[from] psn
|upkeep
|turn|19
|choice|move sludgewave|switch 4
|
|switch|p2a: Simisage|Simisage, L79, M|5\/100
|-damage|p2a: Simisage|0 fnt|[from] Spikes
|faint|p2a: Simisage
|move|p1a: Salazzle|Sludge Wave|p2: Simisage|[notarget]
|-notarget
|
|upkeep
|j|blu3f1r3
|choice||switch 6
|
|switch|p2a: Dewgong|Dewgong, L79, F|63\/100 tox
|-damage|p2a: Dewgong|51\/100 tox|[from] Spikes
|turn|20
|choice|move fireblast|move icebeam
|
|move|p1a: Salazzle|Fire Blast|p2a: Dewgong|[miss]
|-miss|p1a: Salazzle|p2a: Dewgong
|move|p2a: Dewgong|Ice Beam|p1a: Salazzle
|-resisted|p1a: Salazzle
|-damage|p1a: Salazzle|16\/100
|
|-heal|p2a: Dewgong|57\/100 tox|[from] item: Leftovers
|-damage|p2a: Dewgong|51\/100 tox|[from] psn
|upkeep
|turn|21
|choice|move fireblast|move icebeam
|
|move|p1a: Salazzle|Fire Blast|p2a: Dewgong
|-damage|p2a: Dewgong|31\/100 tox
|move|p2a: Dewgong|Ice Beam|p1a: Salazzle
|-resisted|p1a: Salazzle
|-damage|p1a: Salazzle|0 fnt
|faint|p1a: Salazzle
|
|-heal|p2a: Dewgong|37\/100 tox|[from] item: Leftovers
|-damage|p2a: Dewgong|25\/100 tox|[from] psn
|upkeep
|j|Kakazume
|choice|switch 2|
|
|switch|p1a: Scolipede|Scolipede, L75, M|16\/100
|turn|22
|choice|move poisonjab|move icebeam
|
|move|p1a: Scolipede|Poison Jab|p2a: Dewgong
|-damage|p2a: Dewgong|0 fnt
|faint|p2a: Dewgong
|
|-heal|p1a: Scolipede|22\/100|[from] item: Black Sludge
|-ability|p1a: Scolipede|Speed Boost|boost
|-boost|p1a: Scolipede|spe|1
|upkeep
|choice||switch 2
|
|switch|p2a: Deoxys|Deoxys-Attack, L73|59\/100
|-damage|p2a: Deoxys|46\/100|[from] Spikes
|-ability|p2a: Deoxys|Pressure
|turn|23
|choice|move poisonjab|move extremespeed
|
|move|p2a: Deoxys|Extreme Speed|p1a: Scolipede
|-damage|p1a: Scolipede|0 fnt
|-damage|p2a: Deoxys|36\/100|[from] item: Life Orb
|faint|p1a: Scolipede
|
|upkeep
|choice|switch 3|
|
|switch|p1a: Greninja|Greninja, L75, F|100\/100
|turn|24
|choice|move uturn|move superpower
|
|move|p2a: Deoxys|Superpower|p1a: Greninja
|-supereffective|p1a: Greninja
|-damage|p1a: Greninja|0 fnt
|-unboost|p2a: Deoxys|atk|1
|-unboost|p2a: Deoxys|def|1
|-damage|p2a: Deoxys|26\/100|[from] item: Life Orb
|faint|p1a: Greninja
|
|upkeep
|choice|switch 4|
|
|switch|p1a: Weavile|Weavile, L76, M|100\/100
|-ability|p1a: Weavile|Pressure
|turn|25
|choice|move knockoff|move superpower
|
|move|p2a: Deoxys|Superpower|p1a: Weavile
|-supereffective|p1a: Weavile
|-damage|p1a: Weavile|0 fnt
|-unboost|p2a: Deoxys|atk|1
|-unboost|p2a: Deoxys|def|1
|-damage|p2a: Deoxys|17\/100|[from] item: Life Orb
|faint|p1a: Weavile
|
|win|Lillie Venusaur</script>
</div>
<div class="battle-log battle-log-inline"><div class="inner"><div class="chat"><small>tony games joined.</small></div><div class="chat"><small>Lillie Venusaur joined.</small></div><div class="chat message-error">Battle timer is ON: inactive players will automatically lose when time's up.</div><div style="padding:5px 0"><small>Format:</small> <br><strong>[Gen 7] Random Battle</strong></div><div><small><em>Sleep Clause Mod:</em> Limit one foe put to sleep</small></div><div><small><em>HP Percentage Mod:</em> HP is shown in percentages</small></div><div>Battle between tony games and Lillie Venusaur started!</div><div class="spacer"></div><div>Go! Scolipede!</div><div class="spacer"></div><div>Lillie Venusaur sent out Simisage!</div><h2>Turn 1</h2><div class="chat"><small>Maria Lopes joined.</small></div><div class="spacer"></div><div>Lillie Venusaur withdrew Simisage!</div><div class="spacer"></div><div>Lillie Venusaur sent out Castform!</div><div class="spacer"></div><div><span class="battle-nickname" title="Scolipede">Scolipede</span> used <strong>Substitute</strong>!</div><div><small><span class="battle-nickname" title="Scolipede">Scolipede</span> put in a substitute!</small></div><div><small><span class="battle-nickname" title="Scolipede">Scolipede</span> lost 24% of its health!</small><br></div><div class="spacer"></div><div><small><span class="battle-nickname" title="Scolipede">Scolipede</span> restored a little HP using its Black Sludge!</small></div><div><small>[<span class="battle-nickname" title="Scolipede">Scolipede</span>'s Speed Boost!]</small></div><div><small><span class="battle-nickname" title="Scolipede">Scolipede</span>'s Speed rose! </small></div><h2>Turn 2</h2><div class="spacer"></div><div><span class="battle-nickname" title="Scolipede">Scolipede</span> used <strong>Spikes</strong>!</div><div><small>Spikes were scattered on the ground all around the opposing team!</small></div><div class="spacer"></div><div>The opposing <span class="battle-nickname-foe" title="Castform">Castform</span> used <strong>Sunny Day</strong>!</div><div><small>The sunlight turned harsh!</small></div><div><small>[Opposing <span class="battle-nickname-foe" title="Castform">Castform</span>'s Forecast!]</small></div><div><small>The opposing <span class="battle-nickname-foe" title="Castform">Castform</span> transformed!</small></div><div class="spacer"></div><div><small><span class="battle-nickname" title="Scolipede">Scolipede</span> restored a little HP using its Black Sludge!</small></div><div><small>[<span class="battle-nickname" title="Scolipede">Scolipede</span>'s Speed Boost!]</small></div><div><small><span class="battle-nickname" title="Scolipede">Scolipede</span>'s Speed rose! </small></div><h2>Turn 3</h2><div class="chat"><small>sombrio 3 joined.</small></div><div class="spacer"></div><div><span class="battle-nickname" title="Scolipede">Scolipede</span> used <strong>Baton Pass</strong>!</div><div class="chat"><div class="broadcast-red"><strong>Moderated chat was set to +!</strong><br>Only users of rank + and higher can talk.</div></div><div class="spacer"></div><div>Go! Solrock!</div><div class="spacer"></div><div>The opposing <span class="battle-nickname-foe" title="Castform">Castform</span> used <strong>Weather Ball</strong>!</div><div><small>It's not very effective... <span class="battle-nickname" title="Solrock">Solrock</span>'s substitute faded!</small></div><h2>Turn 4</h2><div class="spacer"></div><div><span class="battle-nickname" title="Solrock">Solrock</span> used <strong>Rock Slide</strong>!</div><div><small>The opposing <span class="battle-nickname-foe" title="Castform">Castform</span> avoided the attack!</small></div><div class="spacer"></div><div>The opposing <span class="battle-nickname-foe" title="Castform">Castform</span> used <strong>Solar Beam</strong>!</div><div><small>The opposing <span class="battle-nickname-foe" title="Castform">Castform</span> absorbed light!</small></div><div><small>It's super effective! </small><small><span class="battle-nickname" title="Solrock">Solrock</span> lost 61% of its health!</small><br></div><h2>Turn 5</h2><div class="spacer"></div><div><span class="battle-nickname" title="Solrock">Solrock</span> used <strong>Rock Slide</strong>!</div><div><small>It's super effective! </small><small>The opposing <span class="battle-nickname-foe" title="Castform">Castform</span> lost 70% of its health!</small><br></div><div class="spacer"></div><div>The opposing <span class="battle-nickname-foe" title="Castform">Castform</span> flinched and couldn't move!</div><h2>Turn 6</h2><div class="spacer"></div><div><span class="battle-nickname" title="Solrock">Solrock</span> used <strong>Rock Slide</strong>!</div><div><small>It's super effective! </small><small>The opposing <span class="battle-nickname-foe" title="Castform">Castform</span> lost 30% of its health!</small><br></div><div class="spacer"></div><div>The opposing <span class="battle-nickname-foe" title="Castform">Castform</span> fainted!</div><div class="chat"><small>Nayuki joined.</small></div><div class="chat"><small>Nayuki left.</small></div><div class="spacer"></div><div>Lillie Venusaur sent out Simisage!</div><div><small>The opposing <span class="battle-nickname-foe" title="Simisage">Simisage</span> is hurt by the spikes!</small></div><h2>Turn 7</h2><div class="spacer"></div><div><span class="battle-nickname" title="Solrock">Solrock</span> used <strong>Explosion</strong>!</div><div><small>The opposing <span class="battle-nickname-foe" title="Simisage">Simisage</span> lost 83% of its health!</small><br></div><div class="spacer"></div><div><span class="battle-nickname" title="Solrock">Solrock</span> fainted!</div><div class="spacer"></div><div>The opposing <span class="battle-nickname-foe" title="Simisage">Simisage</span> used <strong>Giga Drain</strong>!</div><div><small>But it failed!</small></div><div class="spacer"></div><div>Go! Greninja!</div><h2>Turn 8</h2><div class="spacer"></div><div>Lillie Venusaur withdrew Simisage!</div><div class="spacer"></div><div>Lillie Venusaur sent out Dewgong!</div><div><small>The opposing <span class="battle-nickname-foe" title="Dewgong">Dewgong</span> is hurt by the spikes!</small></div><div class="spacer"></div><div><span class="battle-nickname" title="Greninja">Greninja</span> used <strong>Ice Beam</strong>!</div><div><small>It's not very effective... </small><small>The opposing <span class="battle-nickname-foe" title="Dewgong">Dewgong</span> lost 2% of its health!</small><br></div><div class="spacer"></div><div><small>The opposing <span class="battle-nickname-foe" title="Dewgong">Dewgong</span> restored a little HP using its Leftovers!</small></div><h2>Turn 9</h2><div class="spacer"></div><div><span class="battle-nickname" title="Greninja">Greninja</span> used <strong>U-turn</strong>!</div><div><small>The opposing <span class="battle-nickname-foe" title="Dewgong">Dewgong</span> lost 17% of its health!</small><br></div><div class="spacer"></div><div><span class="battle-nickname" title="Greninja">Greninja</span> went back to tony games!</div><div class="spacer"></div><div>Go! Wormadam!</div><div class="spacer"></div><div>The opposing <span class="battle-nickname-foe" title="Dewgong">Dewgong</span> used <strong>Toxic</strong>!</div><div><small><span class="battle-nickname" title="Wormadam">Wormadam</span> was badly poisoned!</small></div><div class="spacer"></div><div><small>The sunlight faded.</small></div><div><small>The opposing <span class="battle-nickname-foe" title="Dewgong">Dewgong</span> restored a little HP using its Leftovers!</small></div><div><small><span class="battle-nickname" title="Wormadam">Wormadam</span> was hurt by poison!</small></div><h2>Turn 10</h2><div class="spacer"></div><div>The opposing <span class="battle-nickname-foe" title="Dewgong">Dewgong</span> used <strong>Ice Beam</strong>!</div><div><small>It's super effective! </small><small><span class="battle-nickname" title="Wormadam">Wormadam</span> lost 53% of its health!</small><br></div><div class="spacer"></div><div><span class="battle-nickname" title="Wormadam">Wormadam</span> used <strong>Toxic</strong>!</div><div><small>The opposing <span class="battle-nickname-foe" title="Dewgong">Dewgong</span> was badly poisoned!</small></div><div class="spacer"></div><div><small>The opposing <span class="battle-nickname-foe" title="Dewgong">Dewgong</span> restored a little HP using its Leftovers!</small></div><div><small><span class="battle-nickname" title="Wormadam">Wormadam</span> restored a little HP using its Leftovers!</small></div><div><small>The opposing <span class="battle-nickname-foe" title="Dewgong">Dewgong</span> was hurt by poison!</small></div><div><small><span class="battle-nickname" title="Wormadam">Wormadam</span> was hurt by poison!</small></div><h2>Turn 11</h2><div class="spacer"></div><div>The opposing <span class="battle-nickname-foe" title="Dewgong">Dewgong</span> used <strong>Ice Beam</strong>!</div><div><small>It's super effective! </small><small><span class="battle-nickname" title="Wormadam">Wormadam</span> lost 34% of its health!</small><br></div><div class="spacer"></div><div><span class="battle-nickname" title="Wormadam">Wormadam</span> fainted!</div><div class="spacer"></div><div><small>The opposing <span class="battle-nickname-foe" title="Dewgong">Dewgong</span> restored a little HP using its Leftovers!</small></div><div><small>The opposing <span class="battle-nickname-foe" title="Dewgong">Dewgong</span> was hurt by poison!</small></div><div class="spacer"></div><div>Go! Scolipede!</div><h2>Turn 12</h2><div class="spacer"></div><div><span class="battle-nickname" title="Scolipede">Scolipede</span> used <strong>Substitute</strong>!</div><div><small><span class="battle-nickname" title="Scolipede">Scolipede</span> put in a substitute!</small></div><div><small><span class="battle-nickname" title="Scolipede">Scolipede</span> lost 25% of its health!</small><br></div><div class="spacer"></div><div>The opposing <span class="battle-nickname-foe" title="Dewgong">Dewgong</span> used <strong>Encore</strong>!</div><div><small><span class="battle-nickname" title="Scolipede">Scolipede</span> received an encore!</small></div><div class="spacer"></div><div><small><span class="battle-nickname" title="Scolipede">Scolipede</span> restored a little HP using its Black Sludge!</small></div><div><small>The opposing <span class="battle-nickname-foe" title="Dewgong">Dewgong</span> restored a little HP using its Leftovers!</small></div><div><small>The opposing <span class="battle-nickname-foe" title="Dewgong">Dewgong</span> was hurt by poison!</small></div><div><small>[<span class="battle-nickname" title="Scolipede">Scolipede</span>'s Speed Boost!]</small></div><div><small><span class="battle-nickname" title="Scolipede">Scolipede</span>'s Speed rose! </small></div><h2>Turn 13</h2><div class="chat chatmessage-tonygames"><strong style="color:hsl(97,69.76879146666667%,42.23120853333334%);"><small>☆</small><span class="username" data-name="tony games">tony games</span>:</strong> <em>filho</em></div><div class="chat chatmessage-tonygames"><strong style="color:hsl(97,69.76879146666667%,42.23120853333334%);"><small>☆</small><span class="username" data-name="tony games">tony games</span>:</strong> <em>da</em></div><div class="spacer"></div><div>Lillie Venusaur withdrew Dewgong!</div><div class="spacer"></div><div>Lillie Venusaur sent out <span class="battle-nickname-foe" title="Deoxys-Attack">Deoxys <small>(Deoxys-Attack)</small></span>!</div><div><small>The opposing <span class="battle-nickname-foe" title="Deoxys-Attack">Deoxys</span> is hurt by the spikes!</small></div><div><small>[Opposing <span class="battle-nickname-foe" title="Deoxys-Attack">Deoxys</span>'s Pressure!]</small></div><div><small>The opposing <span class="battle-nickname-foe" title="Deoxys-Attack">Deoxys</span> is exerting its pressure!</small></div><div class="spacer"></div><div><span class="battle-nickname" title="Scolipede">Scolipede</span> used <strong>Substitute</strong>!</div><div><small><span class="battle-nickname" title="Scolipede">Scolipede</span> already has a substitute!</small></div><div class="spacer"></div><div><small><span class="battle-nickname" title="Scolipede">Scolipede</span> restored a little HP using its Black Sludge!</small></div><div><small>[<span class="battle-nickname" title="Scolipede">Scolipede</span>'s Speed Boost!]</small></div><div><small><span class="battle-nickname" title="Scolipede">Scolipede</span>'s Speed rose! </small></div><h2>Turn 14</h2><div class="spacer"></div><div><span class="battle-nickname" title="Scolipede">Scolipede</span> used <strong>Substitute</strong>!</div><div><small><span class="battle-nickname" title="Scolipede">Scolipede</span> already has a substitute!</small></div><div class="spacer"></div><div>The opposing <span class="battle-nickname-foe" title="Deoxys-Attack">Deoxys</span> used <strong>Fire Punch</strong>!</div><div><small>It's super effective! <span class="battle-nickname" title="Scolipede">Scolipede</span>'s substitute faded!</small></div><div><small>The opposing <span class="battle-nickname-foe" title="Deoxys-Attack">Deoxys</span> lost some of its HP!</small></div><div class="spacer"></div><div><small><span class="battle-nickname" title="Scolipede">Scolipede</span> restored a little HP using its Black Sludge!</small></div><div><small>[<span class="battle-nickname" title="Scolipede">Scolipede</span>'s Speed Boost!]</small></div><div><small><span class="battle-nickname" title="Scolipede">Scolipede</span>'s Speed rose! </small></div><h2>Turn 15</h2><div class="spacer"></div><div><span class="battle-nickname" title="Scolipede">Scolipede</span> used <strong>Substitute</strong>!</div><div><small><span class="battle-nickname" title="Scolipede">Scolipede</span> put in a substitute!</small></div><div><small><span class="battle-nickname" title="Scolipede">Scolipede</span> lost 24% of its health!</small><br></div><div class="spacer"></div><div>The opposing <span class="battle-nickname-foe" title="Deoxys-Attack">Deoxys</span> used <strong>Fire Punch</strong>!</div><div><small>It's super effective! <span class="battle-nickname" title="Scolipede">Scolipede</span>'s substitute faded!</small></div><div><small>The opposing <span class="battle-nickname-foe" title="Deoxys-Attack">Deoxys</span> lost some of its HP!</small></div><div class="spacer"></div><div><small><span class="battle-nickname" title="Scolipede">Scolipede</span> restored a little HP using its Black Sludge!</small></div><div><small><span class="battle-nickname" title="Scolipede">Scolipede</span>'s encore ended!</small></div><div><small>[<span class="battle-nickname" title="Scolipede">Scolipede</span>'s Speed Boost!]</small></div><div><small><span class="battle-nickname" title="Scolipede">Scolipede</span>'s Speed rose! </small></div><h2>Turn 16</h2><div class="chat"><small>gamer ze joined.</small></div><div class="spacer"></div><div>The opposing <span class="battle-nickname-foe" title="Deoxys-Attack">Deoxys</span> used <strong>Extreme Speed</strong>!</div><div><small><span class="battle-nickname" title="Scolipede">Scolipede</span> lost 47% of its health!</small><br></div><div><small>The opposing <span class="battle-nickname-foe" title="Deoxys-Attack">Deoxys</span> lost some of its HP!</small></div><div class="spacer"></div><div><span class="battle-nickname" title="Scolipede">Scolipede</span> used <strong>Baton Pass</strong>!</div><div class="spacer"></div><div>Go! Greninja!</div><h2>Turn 17</h2><div class="spacer"></div><div>Lillie Venusaur withdrew <span class="battle-nickname-foe" title="Deoxys-Attack">Deoxys <small>(Deoxys-Attack)</small></span>!</div><div class="spacer"></div><div>Lillie Venusaur sent out Xerneas!</div><div><small>The opposing <span class="battle-nickname-foe" title="Xerneas">Xerneas</span> is hurt by the spikes!</small></div><div><small>[Opposing <span class="battle-nickname-foe" title="Xerneas">Xerneas</span>'s Fairy Aura!]</small></div><div><small>The opposing <span class="battle-nickname-foe" title="Xerneas">Xerneas</span> is radiating a fairy aura!</small></div><div class="spacer"></div><div><span class="battle-nickname" title="Greninja">Greninja</span> used <strong>U-turn</strong>!</div><div><small>It's not very effective... </small><small>The opposing <span class="battle-nickname-foe" title="Xerneas">Xerneas</span> lost 8% of its health!</small><br></div><div class="spacer"></div><div><span class="battle-nickname" title="Greninja">Greninja</span> went back to tony games!</div><div class="spacer"></div><div>Go! Salazzle!</div><div><small><span class="battle-nickname" title="Salazzle">Salazzle</span> floats in the air with its Air Balloon!</small></div><h2>Turn 18</h2><div class="spacer"></div><div><span class="battle-nickname" title="Salazzle">Salazzle</span> used <strong>Sludge Wave</strong>!</div><div><small>It's super effective! </small><small>The opposing <span class="battle-nickname-foe" title="Xerneas">Xerneas</span> lost 47% of its health!</small><br></div><div><small>The opposing <span class="battle-nickname-foe" title="Xerneas">Xerneas</span> was poisoned!</small></div><div class="spacer"></div><div>The opposing <span class="battle-nickname-foe" title="Xerneas">Xerneas</span> used <strong>Rock Slide</strong>!</div><div><small>It's super effective! </small><small><span class="battle-nickname" title="Salazzle">Salazzle</span> lost 65% of its health!</small><br></div><div><small><span class="battle-nickname" title="Salazzle">Salazzle</span>'s Air Balloon popped!</small></div><div class="spacer"></div><div><small>The opposing <span class="battle-nickname-foe" title="Xerneas">Xerneas</span> was hurt by poison!</small></div><h2>Turn 19</h2><div class="spacer"></div><div>Lillie Venusaur withdrew Xerneas!</div><div class="spacer"></div><div>Lillie Venusaur sent out Simisage!</div><div><small>The opposing <span class="battle-nickname-foe" title="Simisage">Simisage</span> is hurt by the spikes!</small></div><div class="spacer"></div><div>The opposing <span class="battle-nickname-foe" title="Simisage">Simisage</span> fainted!</div><div class="spacer"></div><div><span class="battle-nickname" title="Salazzle">Salazzle</span> used <strong>Sludge Wave</strong>!</div><div><small>But it failed!</small></div><div class="chat"><small>blu3f1r3 joined.</small></div><div class="spacer"></div><div>Lillie Venusaur sent out Dewgong!</div><div><small>The opposing <span class="battle-nickname-foe" title="Dewgong">Dewgong</span> is hurt by the spikes!</small></div><h2>Turn 20</h2><div class="spacer"></div><div><span class="battle-nickname" title="Salazzle">Salazzle</span> used <strong>Fire Blast</strong>!</div><div><small>The opposing <span class="battle-nickname-foe" title="Dewgong">Dewgong</span> avoided the attack!</small></div><div class="spacer"></div><div>The opposing <span class="battle-nickname-foe" title="Dewgong">Dewgong</span> used <strong>Ice Beam</strong>!</div><div><small>It's not very effective... </small><small><span class="battle-nickname" title="Salazzle">Salazzle</span> lost 19% of its health!</small><br></div><div class="spacer"></div><div><small>The opposing <span class="battle-nickname-foe" title="Dewgong">Dewgong</span> restored a little HP using its Leftovers!</small></div><div><small>The opposing <span class="battle-nickname-foe" title="Dewgong">Dewgong</span> was hurt by poison!</small></div><h2>Turn 21</h2><div class="spacer"></div><div><span class="battle-nickname" title="Salazzle">Salazzle</span> used <strong>Fire Blast</strong>!</div><div><small>The opposing <span class="battle-nickname-foe" title="Dewgong">Dewgong</span> lost 20% of its health!</small><br></div><div class="spacer"></div><div>The opposing <span class="battle-nickname-foe" title="Dewgong">Dewgong</span> used <strong>Ice Beam</strong>!</div><div><small>It's not very effective... </small><small><span class="battle-nickname" title="Salazzle">Salazzle</span> lost 16% of its health!</small><br></div><div class="spacer"></div><div><span class="battle-nickname" title="Salazzle">Salazzle</span> fainted!</div><div class="spacer"></div><div><small>The opposing <span class="battle-nickname-foe" title="Dewgong">Dewgong</span> restored a little HP using its Leftovers!</small></div><div><small>The opposing <span class="battle-nickname-foe" title="Dewgong">Dewgong</span> was hurt by poison!</small></div><div class="chat"><small>Kakazume joined.</small></div><div class="spacer"></div><div>Go! Scolipede!</div><h2>Turn 22</h2><div class="spacer"></div><div><span class="battle-nickname" title="Scolipede">Scolipede</span> used <strong>Poison Jab</strong>!</div><div><small>The opposing <span class="battle-nickname-foe" title="Dewgong">Dewgong</span> lost 25% of its health!</small><br></div><div class="spacer"></div><div>The opposing <span class="battle-nickname-foe" title="Dewgong">Dewgong</span> fainted!</div><div class="spacer"></div><div><small><span class="battle-nickname" title="Scolipede">Scolipede</span> restored a little HP using its Black Sludge!</small></div><div><small>[<span class="battle-nickname" title="Scolipede">Scolipede</span>'s Speed Boost!]</small></div><div><small><span class="battle-nickname" title="Scolipede">Scolipede</span>'s Speed rose! </small></div><div class="spacer"></div><div>Lillie Venusaur sent out <span class="battle-nickname-foe" title="Deoxys-Attack">Deoxys <small>(Deoxys-Attack)</small></span>!</div><div><small>The opposing <span class="battle-nickname-foe" title="Deoxys-Attack">Deoxys</span> is hurt by the spikes!</small></div><div><small>[Opposing <span class="battle-nickname-foe" title="Deoxys-Attack">Deoxys</span>'s Pressure!]</small></div><div><small>The opposing <span class="battle-nickname-foe" title="Deoxys-Attack">Deoxys</span> is exerting its pressure!</small></div><h2>Turn 23</h2><div class="spacer"></div><div>The opposing <span class="battle-nickname-foe" title="Deoxys-Attack">Deoxys</span> used <strong>Extreme Speed</strong>!</div><div><small><span class="battle-nickname" title="Scolipede">Scolipede</span> lost 22% of its health!</small><br></div><div><small>The opposing <span class="battle-nickname-foe" title="Deoxys-Attack">Deoxys</span> lost some of its HP!</small></div><div class="spacer"></div><div><span class="battle-nickname" title="Scolipede">Scolipede</span> fainted!</div><div class="spacer"></div><div>Go! Greninja!</div><h2>Turn 24</h2><div class="spacer"></div><div>The opposing <span class="battle-nickname-foe" title="Deoxys-Attack">Deoxys</span> used <strong>Superpower</strong>!</div><div><small>It's super effective! </small><small><span class="battle-nickname" title="Greninja">Greninja</span> lost 100% of its health!</small><br></div><div><small>The opposing <span class="battle-nickname-foe" title="Deoxys-Attack">Deoxys</span>'s Attack fell! The opposing <span class="battle-nickname-foe" title="Deoxys-Attack">Deoxys</span>'s Defense fell! </small></div><div><small>The opposing <span class="battle-nickname-foe" title="Deoxys-Attack">Deoxys</span> lost some of its HP!</small></div><div class="spacer"></div><div><span class="battle-nickname" title="Greninja">Greninja</span> fainted!</div><div class="spacer"></div><div>Go! Weavile!</div><div><small>[<span class="battle-nickname" title="Weavile">Weavile</span>'s Pressure!]</small></div><div><small><span class="battle-nickname" title="Weavile">Weavile</span> is exerting its pressure!</small></div><h2>Turn 25</h2><div class="spacer"></div><div>The opposing <span class="battle-nickname-foe" title="Deoxys-Attack">Deoxys</span> used <strong>Superpower</strong>!</div><div><small>It's super effective! </small><small><span class="battle-nickname" title="Weavile">Weavile</span> lost 100% of its health!</small><br></div><div><small>The opposing <span class="battle-nickname-foe" title="Deoxys-Attack">Deoxys</span>'s Attack fell! The opposing <span class="battle-nickname-foe" title="Deoxys-Attack">Deoxys</span>'s Defense fell! </small></div><div><small>The opposing <span class="battle-nickname-foe" title="Deoxys-Attack">Deoxys</span> lost some of its HP!</small></div><div class="spacer"></div><div><span class="battle-nickname" title="Weavile">Weavile</span> fainted!</div><div class="spacer"></div><div>Lillie Venusaur won the battle!</div></div></div>
</div>
<script>
var daily = Math.floor(Date.now()/1000/60/60/24);document.write('<script src="https://play.pokemonshowdown.com/js/replay-embed.js?version'+daily+'"></'+'script>');
</script>
