<!DOCTYPE html>
<meta charset="utf-8" />
<!-- version 1 -->
<title>[Gen 7] Random Battle replay: IMAchilles vs. manuelmania</title>
<style>
html,body {font-family:Verdana, sans-serif;font-size:10pt;margin:0;padding:0;}body{padding:12px 0;} .battle-log {font-family:Verdana, sans-serif;font-size:10pt;} .battle-log-inline {border:1px solid #AAAAAA;background:#EEF2F5;color:black;max-width:640px;margin:0 auto 80px;padding-bottom:5px;} .battle-log .inner {padding:4px 8px 0px 8px;} .battle-log .inner-preempt {padding:0 8px 4px 8px;} .battle-log .inner-after {margin-top:0.5em;} .battle-log h2 {margin:0.5em -8px;padding:4px 8px;border:1px solid #AAAAAA;background:#E0E7EA;border-left:0;border-right:0;font-family:Verdana, sans-serif;font-size:13pt;} .battle-log .chat {vertical-align:middle;padding:3px 0 3px 0;font-size:8pt;} .battle-log .chat strong {color:#40576A;} .battle-log .chat em {padding:1px 4px 1px 3px;color:#000000;font-style:normal;} .chat.mine {background:rgba(0,0,0,0.05);margin-left:-8px;margin-right:-8px;padding-left:8px;padding-right:8px;} .spoiler {color:#BBBBBB;background:#BBBBBB;padding:0px 3px;} .spoiler:hover, .spoiler:active, .spoiler-shown {color:#000000;background:#E2E2E2;padding:0px 3px;} .spoiler a {color:#BBBBBB;} .spoiler:hover a, .spoiler:active a, .spoiler-shown a {color:#2288CC;} .chat code, .chat .spoiler:hover code, .chat .spoiler:active code, .chat .spoiler-shown code {border:1px solid #C0C0C0;background:#EEEEEE;color:black;padding:0 2px;} .chat .spoiler code {border:1px solid #CCCCCC;background:#CCCCCC;color:#CCCCCC;} .battle-log .rated {padding:3px 4px;} .battle-log .rated strong {color:white;background:#89A;padding:1px 4px;border-radius:4px;} .spacer {margin-top:0.5em;} .message-announce {background:#6688AA;color:white;padding:1px 4px 2px;} .message-announce a, .broadcast-green a, .broadcast-blue a, .broadcast-red a {color:#DDEEFF;} .broadcast-green {background-color:#559955;color:white;padding:2px 4px;} .broadcast-blue {background-color:#6688AA;color:white;padding:2px 4px;} .infobox {border:1px solid #6688AA;padding:2px 4px;} .infobox-limited {max-height:200px;overflow:auto;overflow-x:hidden;} .broadcast-red {background-color:#AA5544;color:white;padding:2px 4px;} .message-learn-canlearn {font-weight:bold;color:#228822;text-decoration:underline;} .message-learn-cannotlearn {font-weight:bold;color:#CC2222;text-decoration:underline;} .message-effect-weak {font-weight:bold;color:#CC2222;} .message-effect-resist {font-weight:bold;color:#6688AA;} .message-effect-immune {font-weight:bold;color:#666666;} .message-learn-list {margin-top:0;margin-bottom:0;} .message-throttle-notice, .message-error {color:#992222;} .message-overflow, .chat small.message-overflow {font-size:0pt;} .message-overflow::before {font-size:9pt;content:'...';} .subtle {color:#3A4A66;}
</style>
<div class="wrapper replay-wrapper" style="max-width:1180px;margin:0 auto">
<input type="hidden" name="replayid" value="gen7randombattle-566607586" />
<div class="battle"></div><div class="battle-log"></div><div class="replay-controls"></div><div class="replay-controls-2"></div>
<h1 style="font-weight:normal;text-align:center"><strong>[Gen 7] Random Battle</strong><br /><a href="http://pokemonshowdown.com/users/imachilles" class="subtle" target="_blank">IMAchilles</a> vs. <a href="http://pokemonshowdown.com/users/manuelmania" class="subtle" target="_blank">manuelmania</a></h1>
<script type="text/plain" class="battle-log-data">|j|IMAchilles
|j|manuelmania
|player|p1|IMAchilles|102
|player|p2|manuelmania|126
|gametype|singles
|gen|7
|tier|[Gen 7] Random Battle
|rated
|seed|8852,51936,3089,40807,39173,32343,37158,7328,47294,63940,43709,51826
|rule|Sleep Clause Mod: Limit one foe put to sleep
|rule|HP Percentage Mod: HP is shown in percentages
|
|start
|switch|p1a: Slowbro|Slowbro, L76, F|100\/100
|switch|p2a: Zebstrika|Zebstrika, L79, M|100\/100
|turn|1
|choice|move fireblast mega|move thunderbolt
|
|detailschange|p1a: Slowbro|Slowbro-Mega, L76, F
|-mega|p1a: Slowbro|Slowbro|Slowbronite
|move|p2a: Zebstrika|Thunderbolt|p1a: Slowbro
|-supereffective|p1a: Slowbro
|-damage|p1a: Slowbro|25\/100
|move|p1a: Slowbro|Fire Blast|p2a: Zebstrika
|-damage|p2a: Zebstrika|55\/100
|
|upkeep
|turn|2
|choice|move psyshock|move hiddenpower
|
|move|p2a: Zebstrika|Hidden Power|p1a: Slowbro
|-supereffective|p1a: Slowbro
|-damage|p1a: Slowbro|0 fnt
|faint|p1a: Slowbro
|
|upkeep
|choice|switch 5|
|
|switch|p1a: Incineroar|Incineroar, L79, M|100\/100
|-ability|p1a: Incineroar|Intimidate|boost
|-unboost|p2a: Zebstrika|atk|1
|turn|3
|choice|move darkestlariat|move thunderbolt
|
|move|p2a: Zebstrika|Thunderbolt|p1a: Incineroar
|-crit|p1a: Incineroar
|-damage|p1a: Incineroar|60\/100
|move|p1a: Incineroar|Darkest Lariat|p2a: Zebstrika
|-damage|p2a: Zebstrika|4\/100
|
|upkeep
|turn|4
|choice|move darkestlariat|move thunderbolt
|
|move|p2a: Zebstrika|Thunderbolt|p1a: Incineroar
|-crit|p1a: Incineroar
|-damage|p1a: Incineroar|21\/100
|move|p1a: Incineroar|Darkest Lariat|p2a: Zebstrika
|-damage|p2a: Zebstrika|0 fnt
|faint|p2a: Zebstrika
|
|upkeep
|choice||switch 6
|
|switch|p2a: Comfey|Comfey, L79, F|100\/100
|turn|5
|choice|move darkestlariat|move drainingkiss
|
|move|p1a: Incineroar|Darkest Lariat|p2a: Comfey
|-resisted|p2a: Comfey
|-damage|p2a: Comfey|79\/100
|move|p2a: Comfey|Draining Kiss|p1a: Incineroar
|-damage|p1a: Incineroar|6\/100
|-heal|p2a: Comfey|94\/100|[from] drain|[of] p1a: Incineroar
|
|-heal|p2a: Comfey|100\/100|[from] item: Leftovers
|upkeep
|turn|6
|choice|move darkestlariat|move drainingkiss
|
|move|p1a: Incineroar|Darkest Lariat|p2a: Comfey
|-resisted|p2a: Comfey
|-damage|p2a: Comfey|78\/100
|move|p2a: Comfey|Draining Kiss|p1a: Incineroar
|-damage|p1a: Incineroar|0 fnt
|-heal|p2a: Comfey|83\/100|[from] drain|[of] p1a: Incineroar
|faint|p1a: Incineroar
|
|-heal|p2a: Comfey|90\/100|[from] item: Leftovers
|upkeep
|choice|switch 2|
|
|switch|p1a: Poliwrath|Poliwrath, L79, M|100\/100
|turn|7
|choice|move focusblast|move drainingkiss
|
|move|p2a: Comfey|Draining Kiss|p1a: Poliwrath
|-supereffective|p1a: Poliwrath
|-crit|p1a: Poliwrath
|-damage|p1a: Poliwrath|50\/100
|-heal|p2a: Comfey|100\/100|[from] drain|[of] p1a: Poliwrath
|move|p1a: Poliwrath|Focus Blast|p2a: Comfey|[miss]
|-miss|p1a: Poliwrath|p2a: Comfey
|
|upkeep
|turn|8
|choice|move scald|move drainingkiss
|
|move|p2a: Comfey|Draining Kiss|p1a: Poliwrath
|-supereffective|p1a: Poliwrath
|-damage|p1a: Poliwrath|20\/100
|move|p1a: Poliwrath|Scald|p2a: Comfey
|-damage|p2a: Comfey|68\/100
|-damage|p1a: Poliwrath|10\/100|[from] item: Life Orb
|
|-heal|p2a: Comfey|74\/100|[from] item: Leftovers
|upkeep
|turn|9
|choice|move icebeam|move drainingkiss
|
|move|p2a: Comfey|Draining Kiss|p1a: Poliwrath
|-supereffective|p1a: Poliwrath
|-damage|p1a: Poliwrath|0 fnt
|-heal|p2a: Comfey|84\/100|[from] drain|[of] p1a: Poliwrath
|faint|p1a: Poliwrath
|
|-heal|p2a: Comfey|90\/100|[from] item: Leftovers
|upkeep
|choice|switch 4|
|
|switch|p1a: Marowak|Marowak, L79, M|100\/100
|turn|10
|choice|move bonemerang|move drainingkiss
|
|move|p2a: Comfey|Draining Kiss|p1a: Marowak
|-damage|p1a: Marowak|79\/100
|-heal|p2a: Comfey|100\/100|[from] drain|[of] p1a: Marowak
|move|p1a: Marowak|Bonemerang|p2a: Comfey
|-damage|p2a: Comfey|59\/100
|-damage|p2a: Comfey|14\/100
|-hitcount|p2a: Comfey|2
|
|-heal|p2a: Comfey|20\/100|[from] item: Leftovers
|upkeep
|turn|11
|choice|move bonemerang|move drainingkiss
|
|move|p2a: Comfey|Draining Kiss|p1a: Marowak
|-damage|p1a: Marowak|59\/100
|-heal|p2a: Comfey|37\/100|[from] drain|[of] p1a: Marowak
|move|p1a: Marowak|Bonemerang|p2a: Comfey
|-damage|p2a: Comfey|0 fnt
|-hitcount|p2a: Comfey|1
|faint|p2a: Comfey
|
|upkeep
|choice||switch 4
|
|switch|p2a: Klinklang|Klinklang, L79|100\/100
|turn|12
|choice|move knockoff|move return
|
|move|p2a: Klinklang|Return|p1a: Marowak
|-damage|p1a: Marowak|25\/100
|-damage|p2a: Klinklang|91\/100|[from] item: Life Orb
|move|p1a: Marowak|Knock Off|p2a: Klinklang
|-crit|p2a: Klinklang
|-damage|p2a: Klinklang|25\/100
|-enditem|p2a: Klinklang|Life Orb|[from] move: Knock Off|[of] p1a: Marowak
|
|upkeep
|turn|13
|choice|move bonemerang|move return
|
|move|p2a: Klinklang|Return|p1a: Marowak
|-damage|p1a: Marowak|0 fnt
|faint|p1a: Marowak
|
|upkeep
|choice|switch 6|
|
|switch|p1a: Tornadus|Tornadus, L78, M|100\/100
|turn|14
|choice|move acrobatics|move wildcharge
|
|move|p1a: Tornadus|Acrobatics|p2a: Klinklang
|-resisted|p2a: Klinklang
|-damage|p2a: Klinklang|2\/100
|move|p2a: Klinklang|Wild Charge|p1a: Tornadus
|-supereffective|p1a: Tornadus
|-crit|p1a: Tornadus
|-damage|p1a: Tornadus|18\/100
|-damage|p2a: Klinklang|0 fnt|[from] recoil|[of] p1a: Tornadus
|faint|p2a: Klinklang
|
|upkeep
|choice||switch 2
|
|switch|p2a: Marowak|Marowak, L79, M|100\/100
|turn|15
|choice|move superpower|move bonemerang
|
|move|p1a: Tornadus|Superpower|p2a: Marowak
|-damage|p2a: Marowak|69\/100
|-unboost|p1a: Tornadus|atk|1
|-unboost|p1a: Tornadus|def|1
|move|p2a: Marowak|Bonemerang|p1a: Tornadus
|-immune|p1a: Tornadus|[msg]
|
|upkeep
|turn|16
|choice|move acrobatics|move knockoff
|
|move|p1a: Tornadus|Acrobatics|p2a: Marowak
|-damage|p2a: Marowak|38\/100
|move|p2a: Marowak|Knock Off|p1a: Tornadus
|-damage|p1a: Tornadus|0 fnt
|faint|p1a: Tornadus
|
|upkeep
|choice|switch 3|
|
|switch|p1a: Lickilicky|Lickilicky, L79, M|100\/100
|-ability|p1a: Lickilicky|Cloud Nine
|turn|17
|choice|move swordsdance|move bonemerang
|
|move|p1a: Lickilicky|Swords Dance|p1a: Lickilicky
|-boost|p1a: Lickilicky|atk|2
|move|p2a: Marowak|Bonemerang|p1a: Lickilicky
|-damage|p1a: Lickilicky|76\/100
|-damage|p1a: Lickilicky|48\/100
|-hitcount|p1a: Lickilicky|2
|
|-heal|p1a: Lickilicky|54\/100|[from] item: Leftovers
|upkeep
|turn|18
|choice|move bodyslam|move stealthrock
|
|move|p1a: Lickilicky|Body Slam|p2a: Marowak
|-damage|p2a: Marowak|0 fnt
|faint|p2a: Marowak
|
|-heal|p1a: Lickilicky|60\/100|[from] item: Leftovers
|upkeep
|choice||switch 3
|
|switch|p2a: Suicune|Suicune, L78|100\/100
|turn|19
|choice|move bodyslam|move scald
|
|move|p2a: Suicune|Scald|p1a: Lickilicky
|-damage|p1a: Lickilicky|37\/100
|move|p1a: Lickilicky|Body Slam|p2a: Suicune
|-damage|p2a: Suicune|59\/100
|
|-heal|p2a: Suicune|65\/100|[from] item: Leftovers
|-heal|p1a: Lickilicky|43\/100|[from] item: Leftovers
|upkeep
|turn|20
|choice|move protect|move scald
|
|move|p1a: Lickilicky|Protect|p1a: Lickilicky
|-singleturn|p1a: Lickilicky|Protect
|move|p2a: Suicune|Scald|p1a: Lickilicky
|-activate|p1a: Lickilicky|move: Protect
|
|-heal|p2a: Suicune|71\/100|[from] item: Leftovers
|-heal|p1a: Lickilicky|49\/100|[from] item: Leftovers
|upkeep
|turn|21
|choice|move earthquake|move scald
|
|move|p2a: Suicune|Scald|p1a: Lickilicky
|-damage|p1a: Lickilicky|26\/100
|-status|p1a: Lickilicky|brn
|move|p1a: Lickilicky|Earthquake|p2a: Suicune
|-damage|p2a: Suicune|53\/100
|
|-heal|p2a: Suicune|59\/100|[from] item: Leftovers
|-heal|p1a: Lickilicky|32\/100 brn|[from] item: Leftovers
|-damage|p1a: Lickilicky|26\/100 brn|[from] brn
|upkeep
|turn|22
|choice|move bodyslam|move scald
|
|move|p2a: Suicune|Scald|p1a: Lickilicky
|-damage|p1a: Lickilicky|4\/100 brn
|move|p1a: Lickilicky|Body Slam|p2a: Suicune
|-damage|p2a: Suicune|37\/100
|
|-heal|p2a: Suicune|43\/100|[from] item: Leftovers
|-heal|p1a: Lickilicky|10\/100 brn|[from] item: Leftovers
|-damage|p1a: Lickilicky|4\/100 brn|[from] brn
|upkeep
|turn|23
|choice|move bodyslam|move scald
|
|move|p2a: Suicune|Scald|p1a: Lickilicky
|-damage|p1a: Lickilicky|0 fnt
|faint|p1a: Lickilicky
|
|win|manuelmania
|raw|IMAchilles's rating: 1045 &rarr; <strong>1029<\/strong><br \/>(-16 for losing)
|raw|manuelmania's rating: 1055 &rarr; <strong>1086<\/strong><br \/>(+31 for winning)</script>
</div>
<div class="battle-log battle-log-inline"><div class="inner"><div class="chat"><small>IMAchilles joined.</small></div><div class="chat"><small>manuelmania joined.</small></div><div style="padding:5px 0"><small>Format:</small> <br><strong>[Gen 7] Random Battle</strong></div><div class="rated"><strong>Rated battle</strong></div><div><small><em>Sleep Clause Mod:</em> Limit one foe put to sleep</small></div><div><small><em>HP Percentage Mod:</em> HP is shown in percentages</small></div><div>Battle between IMAchilles and manuelmania started!</div><div class="spacer"></div><div>Go! Slowbro!</div><div class="spacer"></div><div>manuelmania sent out Zebstrika!</div><h2>Turn 1</h2><div class="spacer"></div><div><small><span class="battle-nickname" title="Slowbro-Mega">Slowbro</span>'s Slowbronite is reacting to IMAchilles's Mega Bracelet!<br><span class="battle-nickname" title="Slowbro-Mega">Slowbro</span> has Mega Evolved into Mega Slowbro!</small></div><div class="spacer"></div><div>The opposing <span class="battle-nickname-foe" title="Zebstrika">Zebstrika</span> used <strong>Thunderbolt</strong>!</div><div><small>It's super effective! </small><small><span class="battle-nickname" title="Slowbro-Mega">Slowbro</span> lost 75% of its health!</small><br></div><div class="spacer"></div><div><span class="battle-nickname" title="Slowbro-Mega">Slowbro</span> used <strong>Fire Blast</strong>!</div><div><small>The opposing <span class="battle-nickname-foe" title="Zebstrika">Zebstrika</span> lost 45% of its health!</small><br></div><h2>Turn 2</h2><div class="spacer"></div><div>The opposing <span class="battle-nickname-foe" title="Zebstrika">Zebstrika</span> used <strong>Hidden Power</strong>!</div><div><small>It's super effective! </small><small><span class="battle-nickname" title="Slowbro-Mega">Slowbro</span> lost 25% of its health!</small><br></div><div class="spacer"></div><div><span class="battle-nickname" title="Slowbro-Mega">Slowbro</span> fainted!</div><div class="spacer"></div><div>Go! Incineroar!</div><div><small>[<span class="battle-nickname" title="Incineroar">Incineroar</span>'s Intimidate!]</small></div><div><small>The opposing <span class="battle-nickname-foe" title="Zebstrika">Zebstrika</span>'s Attack fell! </small></div><h2>Turn 3</h2><div class="spacer"></div><div>The opposing <span class="battle-nickname-foe" title="Zebstrika">Zebstrika</span> used <strong>Thunderbolt</strong>!</div><div><small>A critical hit! </small><small><span class="battle-nickname" title="Incineroar">Incineroar</span> lost 40% of its health!</small><br></div><div class="spacer"></div><div><span class="battle-nickname" title="Incineroar">Incineroar</span> used <strong>Darkest Lariat</strong>!</div><div><small>The opposing <span class="battle-nickname-foe" title="Zebstrika">Zebstrika</span> lost 51% of its health!</small><br></div><h2>Turn 4</h2><div class="spacer"></div><div>The opposing <span class="battle-nickname-foe" title="Zebstrika">Zebstrika</span> used <strong>Thunderbolt</strong>!</div><div><small>A critical hit! </small><small><span class="battle-nickname" title="Incineroar">Incineroar</span> lost 39% of its health!</small><br></div><div class="spacer"></div><div><span class="battle-nickname" title="Incineroar">Incineroar</span> used <strong>Darkest Lariat</strong>!</div><div><small>The opposing <span class="battle-nickname-foe" title="Zebstrika">Zebstrika</span> lost 4% of its health!</small><br></div><div class="spacer"></div><div>The opposing <span class="battle-nickname-foe" title="Zebstrika">Zebstrika</span> fainted!</div><div class="spacer"></div><div>manuelmania sent out Comfey!</div><h2>Turn 5</h2><div class="spacer"></div><div><span class="battle-nickname" title="Incineroar">Incineroar</span> used <strong>Darkest Lariat</strong>!</div><div><small>It's not very effective... </small><small>The opposing <span class="battle-nickname-foe" title="Comfey">Comfey</span> lost 21% of its health!</small><br></div><div class="spacer"></div><div>The opposing <span class="battle-nickname-foe" title="Comfey">Comfey</span> used <strong>Draining Kiss</strong>!</div><div><small><span class="battle-nickname" title="Incineroar">Incineroar</span> lost 15% of its health!</small><br></div><div><small><span class="battle-nickname" title="Incineroar">Incineroar</span> had its energy drained!</small></div><div class="spacer"></div><div><small>The opposing <span class="battle-nickname-foe" title="Comfey">Comfey</span> restored a little HP using its Leftovers!</small></div><h2>Turn 6</h2><div class="spacer"></div><div><span class="battle-nickname" title="Incineroar">Incineroar</span> used <strong>Darkest Lariat</strong>!</div><div><small>It's not very effective... </small><small>The opposing <span class="battle-nickname-foe" title="Comfey">Comfey</span> lost 22% of its health!</small><br></div><div class="spacer"></div><div>The opposing <span class="battle-nickname-foe" title="Comfey">Comfey</span> used <strong>Draining Kiss</strong>!</div><div><small><span class="battle-nickname" title="Incineroar">Incineroar</span> lost 6% of its health!</small><br></div><div><small><span class="battle-nickname" title="Incineroar">Incineroar</span> had its energy drained!</small></div><div class="spacer"></div><div><span class="battle-nickname" title="Incineroar">Incineroar</span> fainted!</div><div class="spacer"></div><div><small>The opposing <span class="battle-nickname-foe" title="Comfey">Comfey</span> restored a little HP using its Leftovers!</small></div><div class="spacer"></div><div>Go! Poliwrath!</div><h2>Turn 7</h2><div class="spacer"></div><div>The opposing <span class="battle-nickname-foe" title="Comfey">Comfey</span> used <strong>Draining Kiss</strong>!</div><div><small>It's super effective! A critical hit! </small><small><span class="battle-nickname" title="Poliwrath">Poliwrath</span> lost 50% of its health!</small><br></div><div><small><span class="battle-nickname" title="Poliwrath">Poliwrath</span> had its energy drained!</small></div><div class="spacer"></div><div><span class="battle-nickname" title="Poliwrath">Poliwrath</span> used <strong>Focus Blast</strong>!</div><div><small>The opposing <span class="battle-nickname-foe" title="Comfey">Comfey</span> avoided the attack!</small></div><h2>Turn 8</h2><div class="spacer"></div><div>The opposing <span class="battle-nickname-foe" title="Comfey">Comfey</span> used <strong>Draining Kiss</strong>!</div><div><small>It's super effective! </small><small><span class="battle-nickname" title="Poliwrath">Poliwrath</span> lost 30% of its health!</small><br></div><div class="spacer"></div><div><span class="battle-nickname" title="Poliwrath">Poliwrath</span> used <strong>Scald</strong>!</div><div><small>The opposing <span class="battle-nickname-foe" title="Comfey">Comfey</span> lost 32% of its health!</small><br></div><div><small><span class="battle-nickname" title="Poliwrath">Poliwrath</span> lost some of its HP!</small></div><div class="spacer"></div><div><small>The opposing <span class="battle-nickname-foe" title="Comfey">Comfey</span> restored a little HP using its Leftovers!</small></div><h2>Turn 9</h2><div class="spacer"></div><div>The opposing <span class="battle-nickname-foe" title="Comfey">Comfey</span> used <strong>Draining Kiss</strong>!</div><div><small>It's super effective! </small><small><span class="battle-nickname" title="Poliwrath">Poliwrath</span> lost 10% of its health!</small><br></div><div><small><span class="battle-nickname" title="Poliwrath">Poliwrath</span> had its energy drained!</small></div><div class="spacer"></div><div><span class="battle-nickname" title="Poliwrath">Poliwrath</span> fainted!</div><div class="spacer"></div><div><small>The opposing <span class="battle-nickname-foe" title="Comfey">Comfey</span> restored a little HP using its Leftovers!</small></div><div class="spacer"></div><div>Go! Marowak!</div><h2>Turn 10</h2><div class="spacer"></div><div>The opposing <span class="battle-nickname-foe" title="Comfey">Comfey</span> used <strong>Draining Kiss</strong>!</div><div><small><span class="battle-nickname" title="Marowak">Marowak</span> lost 21% of its health!</small><br></div><div><small><span class="battle-nickname" title="Marowak">Marowak</span> had its energy drained!</small></div><div class="spacer"></div><div><span class="battle-nickname" title="Marowak">Marowak</span> used <strong>Bonemerang</strong>!</div><div><small>The opposing <span class="battle-nickname-foe" title="Comfey">Comfey</span> lost 41% of its health!</small><br></div><div><small>The opposing <span class="battle-nickname-foe" title="Comfey">Comfey</span> lost 45% of its health!</small><br></div><div><small>Hit 2 times!</small></div><div class="spacer"></div><div><small>The opposing <span class="battle-nickname-foe" title="Comfey">Comfey</span> restored a little HP using its Leftovers!</small></div><h2>Turn 11</h2><div class="spacer"></div><div>The opposing <span class="battle-nickname-foe" title="Comfey">Comfey</span> used <strong>Draining Kiss</strong>!</div><div><small><span class="battle-nickname" title="Marowak">Marowak</span> lost 20% of its health!</small><br></div><div><small><span class="battle-nickname" title="Marowak">Marowak</span> had its energy drained!</small></div><div class="spacer"></div><div><span class="battle-nickname" title="Marowak">Marowak</span> used <strong>Bonemerang</strong>!</div><div><small>The opposing <span class="battle-nickname-foe" title="Comfey">Comfey</span> lost 37% of its health!</small><br></div><div><small>Hit 1 time!</small></div><div class="spacer"></div><div>The opposing <span class="battle-nickname-foe" title="Comfey">Comfey</span> fainted!</div><div class="spacer"></div><div>manuelmania sent out Klinklang!</div><h2>Turn 12</h2><div class="spacer"></div><div>The opposing <span class="battle-nickname-foe" title="Klinklang">Klinklang</span> used <strong>Return</strong>!</div><div><small><span class="battle-nickname" title="Marowak">Marowak</span> lost 34% of its health!</small><br></div><div><small>The opposing <span class="battle-nickname-foe" title="Klinklang">Klinklang</span> lost some of its HP!</small></div><div class="spacer"></div><div><span class="battle-nickname" title="Marowak">Marowak</span> used <strong>Knock Off</strong>!</div><div><small>A critical hit! </small><small>The opposing <span class="battle-nickname-foe" title="Klinklang">Klinklang</span> lost 66% of its health!</small><br></div><div><small><span class="battle-nickname" title="Marowak">Marowak</span> knocked off the opposing <span class="battle-nickname-foe" title="Klinklang">Klinklang</span>'s Life Orb!</small></div><h2>Turn 13</h2><div class="spacer"></div><div>The opposing <span class="battle-nickname-foe" title="Klinklang">Klinklang</span> used <strong>Return</strong>!</div><div><small><span class="battle-nickname" title="Marowak">Marowak</span> lost 25% of its health!</small><br></div><div class="spacer"></div><div><span class="battle-nickname" title="Marowak">Marowak</span> fainted!</div><div class="spacer"></div><div>Go! Tornadus!</div><h2>Turn 14</h2><div class="spacer"></div><div><span class="battle-nickname" title="Tornadus">Tornadus</span> used <strong>Acrobatics</strong>!</div><div><small>It's not very effective... </small><small>The opposing <span class="battle-nickname-foe" title="Klinklang">Klinklang</span> lost 23% of its health!</small><br></div><div class="spacer"></div><div>The opposing <span class="battle-nickname-foe" title="Klinklang">Klinklang</span> used <strong>Wild Charge</strong>!</div><div><small>It's super effective! A critical hit! </small><small><span class="battle-nickname" title="Tornadus">Tornadus</span> lost 82% of its health!</small><br></div><div><small>The opposing <span class="battle-nickname-foe" title="Klinklang">Klinklang</span> is damaged by the recoil!</small></div><div class="spacer"></div><div>The opposing <span class="battle-nickname-foe" title="Klinklang">Klinklang</span> fainted!</div><div class="spacer"></div><div>manuelmania sent out Marowak!</div><h2>Turn 15</h2><div class="spacer"></div><div><span class="battle-nickname" title="Tornadus">Tornadus</span> used <strong>Superpower</strong>!</div><div><small>The opposing <span class="battle-nickname-foe" title="Marowak">Marowak</span> lost 31% of its health!</small><br></div><div><small><span class="battle-nickname" title="Tornadus">Tornadus</span>'s Attack fell! <span class="battle-nickname" title="Tornadus">Tornadus</span>'s Defense fell! </small></div><div class="spacer"></div><div>The opposing <span class="battle-nickname-foe" title="Marowak">Marowak</span> used <strong>Bonemerang</strong>!</div><div><small>It doesn't affect <span class="battle-nickname" title="Tornadus">Tornadus</span>... </small></div><h2>Turn 16</h2><div class="spacer"></div><div><span class="battle-nickname" title="Tornadus">Tornadus</span> used <strong>Acrobatics</strong>!</div><div><small>The opposing <span class="battle-nickname-foe" title="Marowak">Marowak</span> lost 31% of its health!</small><br></div><div class="spacer"></div><div>The opposing <span class="battle-nickname-foe" title="Marowak">Marowak</span> used <strong>Knock Off</strong>!</div><div><small><span class="battle-nickname" title="Tornadus">Tornadus</span> lost 18% of its health!</small><br></div><div class="spacer"></div><div><span class="battle-nickname" title="Tornadus">Tornadus</span> fainted!</div><div class="spacer"></div><div>Go! Lickilicky!</div><div><small>[<span class="battle-nickname" title="Lickilicky">Lickilicky</span>'s Cloud Nine!]</small></div><div><small>The effects of the weather disappeared.</small></div><h2>Turn 17</h2><div class="spacer"></div><div><span class="battle-nickname" title="Lickilicky">Lickilicky</span> used <strong>Swords Dance</strong>!</div><div><small><span class="battle-nickname" title="Lickilicky">Lickilicky</span>'s Attack rose sharply! </small></div><div class="spacer"></div><div>The opposing <span class="battle-nickname-foe" title="Marowak">Marowak</span> used <strong>Bonemerang</strong>!</div><div><small><span class="battle-nickname" title="Lickilicky">Lickilicky</span> lost 24% of its health!</small><br></div><div><small><span class="battle-nickname" title="Lickilicky">Lickilicky</span> lost 28% of its health!</small><br></div><div><small>Hit 2 times!</small></div><div class="spacer"></div><div><small><span class="battle-nickname" title="Lickilicky">Lickilicky</span> restored a little HP using its Leftovers!</small></div><h2>Turn 18</h2><div class="spacer"></div><div><span class="battle-nickname" title="Lickilicky">Lickilicky</span> used <strong>Body Slam</strong>!</div><div><small>The opposing <span class="battle-nickname-foe" title="Marowak">Marowak</span> lost 38% of its health!</small><br></div><div class="spacer"></div><div>The opposing <span class="battle-nickname-foe" title="Marowak">Marowak</span> fainted!</div><div class="spacer"></div><div><small><span class="battle-nickname" title="Lickilicky">Lickilicky</span> restored a little HP using its Leftovers!</small></div><div class="spacer"></div><div>manuelmania sent out Suicune!</div><h2>Turn 19</h2><div class="spacer"></div><div>The opposing <span class="battle-nickname-foe" title="Suicune">Suicune</span> used <strong>Scald</strong>!</div><div><small><span class="battle-nickname" title="Lickilicky">Lickilicky</span> lost 23% of its health!</small><br></div><div class="spacer"></div><div><span class="battle-nickname" title="Lickilicky">Lickilicky</span> used <strong>Body Slam</strong>!</div><div><small>The opposing <span class="battle-nickname-foe" title="Suicune">Suicune</span> lost 41% of its health!</small><br></div><div class="spacer"></div><div><small>The opposing <span class="battle-nickname-foe" title="Suicune">Suicune</span> restored a little HP using its Leftovers!</small></div><div><small><span class="battle-nickname" title="Lickilicky">Lickilicky</span> restored a little HP using its Leftovers!</small></div><h2>Turn 20</h2><div class="spacer"></div><div><span class="battle-nickname" title="Lickilicky">Lickilicky</span> used <strong>Protect</strong>!</div><div><small><span class="battle-nickname" title="Lickilicky">Lickilicky</span> protected itself!</small></div><div class="spacer"></div><div>The opposing <span class="battle-nickname-foe" title="Suicune">Suicune</span> used <strong>Scald</strong>!</div><div><small><span class="battle-nickname" title="Lickilicky">Lickilicky</span> protected itself!</small></div><div class="spacer"></div><div><small>The opposing <span class="battle-nickname-foe" title="Suicune">Suicune</span> restored a little HP using its Leftovers!</small></div><div><small><span class="battle-nickname" title="Lickilicky">Lickilicky</span> restored a little HP using its Leftovers!</small></div><h2>Turn 21</h2><div class="spacer"></div><div>The opposing <span class="battle-nickname-foe" title="Suicune">Suicune</span> used <strong>Scald</strong>!</div><div><small><span class="battle-nickname" title="Lickilicky">Lickilicky</span> lost 23% of its health!</small><br></div><div><small><span class="battle-nickname" title="Lickilicky">Lickilicky</span> was burned!</small></div><div class="spacer"></div><div><span class="battle-nickname" title="Lickilicky">Lickilicky</span> used <strong>Earthquake</strong>!</div><div><small>The opposing <span class="battle-nickname-foe" title="Suicune">Suicune</span> lost 18% of its health!</small><br></div><div class="spacer"></div><div><small>The opposing <span class="battle-nickname-foe" title="Suicune">Suicune</span> restored a little HP using its Leftovers!</small></div><div><small><span class="battle-nickname" title="Lickilicky">Lickilicky</span> restored a little HP using its Leftovers!</small></div><div><small><span class="battle-nickname" title="Lickilicky">Lickilicky</span> was hurt by its burn!</small></div><h2>Turn 22</h2><div class="spacer"></div><div>The opposing <span class="battle-nickname-foe" title="Suicune">Suicune</span> used <strong>Scald</strong>!</div><div><small><span class="battle-nickname" title="Lickilicky">Lickilicky</span> lost 22% of its health!</small><br></div><div class="spacer"></div><div><span class="battle-nickname" title="Lickilicky">Lickilicky</span> used <strong>Body Slam</strong>!</div><div><small>The opposing <span class="battle-nickname-foe" title="Suicune">Suicune</span> lost 22% of its health!</small><br></div><div class="spacer"></div><div><small>The opposing <span class="battle-nickname-foe" title="Suicune">Suicune</span> restored a little HP using its Leftovers!</small></div><div><small><span class="battle-nickname" title="Lickilicky">Lickilicky</span> restored a little HP using its Leftovers!</small></div><div><small><span class="battle-nickname" title="Lickilicky">Lickilicky</span> was hurt by its burn!</small></div><h2>Turn 23</h2><div class="spacer"></div><div>The opposing <span class="battle-nickname-foe" title="Suicune">Suicune</span> used <strong>Scald</strong>!</div><div><small><span class="battle-nickname" title="Lickilicky">Lickilicky</span> lost 4% of its health!</small><br></div><div class="spacer"></div><div><span class="battle-nickname" title="Lickilicky">Lickilicky</span> fainted!</div><div class="spacer"></div><div>manuelmania won the battle!</div><div class="chat">IMAchilles's rating: 1045 → <strong>1029</strong><br>(-16 for losing)</div><div class="chat">manuelmania's rating: 1055 → <strong>1086</strong><br>(+31 for winning)</div></div></div>
</div>
<script>
var daily = Math.floor(Date.now()/1000/60/60/24);document.write('<script src="https://play.pokemonshowdown.com/js/replay-embed.js?version'+daily+'"></'+'script>');
</script>
