<!DOCTYPE html>
<meta charset="utf-8" />
<!-- version 1 -->
<title>[Gen 7] Random Battle replay: Bloolava vs. bjkbjkjkljk</title>
<style>
html,body {font-family:Verdana, sans-serif;font-size:10pt;margin:0;padding:0;}body{padding:12px 0;} .battle-log {font-family:Verdana, sans-serif;font-size:10pt;} .battle-log-inline {border:1px solid #AAAAAA;background:#EEF2F5;color:black;max-width:640px;margin:0 auto 80px;padding-bottom:5px;} .battle-log .inner {padding:4px 8px 0px 8px;} .battle-log .inner-preempt {padding:0 8px 4px 8px;} .battle-log .inner-after {margin-top:0.5em;} .battle-log h2 {margin:0.5em -8px;padding:4px 8px;border:1px solid #AAAAAA;background:#E0E7EA;border-left:0;border-right:0;font-family:Verdana, sans-serif;font-size:13pt;} .battle-log .chat {vertical-align:middle;padding:3px 0 3px 0;font-size:8pt;} .battle-log .chat strong {color:#40576A;} .battle-log .chat em {padding:1px 4px 1px 3px;color:#000000;font-style:normal;} .chat.mine {background:rgba(0,0,0,0.05);margin-left:-8px;margin-right:-8px;padding-left:8px;padding-right:8px;} .spoiler {color:#BBBBBB;background:#BBBBBB;padding:0px 3px;} .spoiler:hover, .spoiler:active, .spoiler-shown {color:#000000;background:#E2E2E2;padding:0px 3px;} .spoiler a {color:#BBBBBB;} .spoiler:hover a, .spoiler:active a, .spoiler-shown a {color:#2288CC;} .chat code, .chat .spoiler:hover code, .chat .spoiler:active code, .chat .spoiler-shown code {border:1px solid #C0C0C0;background:#EEEEEE;color:black;padding:0 2px;} .chat .spoiler code {border:1px solid #CCCCCC;background:#CCCCCC;color:#CCCCCC;} .battle-log .rated {padding:3px 4px;} .battle-log .rated strong {color:white;background:#89A;padding:1px 4px;border-radius:4px;} .spacer {margin-top:0.5em;} .message-announce {background:#6688AA;color:white;padding:1px 4px 2px;} .message-announce a, .broadcast-green a, .broadcast-blue a, .broadcast-red a {color:#DDEEFF;} .broadcast-green {background-color:#559955;color:white;padding:2px 4px;} .broadcast-blue {background-color:#6688AA;color:white;padding:2px 4px;} .infobox {border:1px solid #6688AA;padding:2px 4px;} .infobox-limited {max-height:200px;overflow:auto;overflow-x:hidden;} .broadcast-red {background-color:#AA5544;color:white;padding:2px 4px;} .message-learn-canlearn {font-weight:bold;color:#228822;text-decoration:underline;} .message-learn-cannotlearn {font-weight:bold;color:#CC2222;text-decoration:underline;} .message-effect-weak {font-weight:bold;color:#CC2222;} .message-effect-resist {font-weight:bold;color:#6688AA;} .message-effect-immune {font-weight:bold;color:#666666;} .message-learn-list {margin-top:0;margin-bottom:0;} .message-throttle-notice, .message-error {color:#992222;} .message-overflow, .chat small.message-overflow {font-size:0pt;} .message-overflow::before {font-size:9pt;content:'...';} .subtle {color:#3A4A66;}
</style>
<div class="wrapper replay-wrapper" style="max-width:1180px;margin:0 auto">
<input type="hidden" name="replayid" value="gen7randombattle-566966818" />
<div class="battle"></div><div class="battle-log"></div><div class="replay-controls"></div><div class="replay-controls-2"></div>
<h1 style="font-weight:normal;text-align:center"><strong>[Gen 7] Random Battle</strong><br /><a href="http://pokemonshowdown.com/users/bloolava" class="subtle" target="_blank">Bloolava</a> vs. <a href="http://pokemonshowdown.com/users/bjkbjkjkljk" class="subtle" target="_blank">bjkbjkjkljk</a></h1>
<script type="text/plain" class="battle-log-data">|j|Bloolava
|j|bjkbjkjkljk
|player|p1|Bloolava|101
|player|p2|bjkbjkjkljk|205
|gametype|singles
|gen|7
|tier|[Gen 7] Random Battle
|rated
|seed|46430,44835,38036,1287,31899,50406,62081,46208,31319,53868,45575,34618
|rule|Sleep Clause Mod: Limit one foe put to sleep
|rule|HP Percentage Mod: HP is shown in percentages
|
|start
|switch|p1a: Darkrai|Darkrai, L73|100\/100
|switch|p2a: Sceptile|Sceptile, L75, F|100\/100
|turn|1
|inactive|Battle timer is ON: inactive players will automatically lose when time's up. (requested by Bloolava)
|choice|move nastyplot|move substitute mega
|
|detailschange|p2a: Sceptile|Sceptile-Mega, L75, F
|-mega|p2a: Sceptile|Sceptile|Sceptilite
|move|p2a: Sceptile|Substitute|p2a: Sceptile
|-start|p2a: Sceptile|Substitute
|-damage|p2a: Sceptile|76\/100
|move|p1a: Darkrai|Nasty Plot|p1a: Darkrai
|-boost|p1a: Darkrai|spa|2
|
|upkeep
|turn|2
|choice|move darkpulse|move gigadrain
|
|move|p2a: Sceptile|Giga Drain|p1a: Darkrai
|-damage|p1a: Darkrai|56\/100
|-heal|p2a: Sceptile|97\/100|[from] drain|[of] p1a: Darkrai
|move|p1a: Darkrai|Dark Pulse|p2a: Sceptile
|-end|p2a: Sceptile|Substitute
|
|-heal|p1a: Darkrai|61\/100|[from] item: Leftovers
|upkeep
|turn|3
|choice|move darkpulse|move gigadrain
|
|move|p2a: Sceptile|Giga Drain|p1a: Darkrai
|-damage|p1a: Darkrai|17\/100
|-heal|p2a: Sceptile|100\/100|[from] drain|[of] p1a: Darkrai
|move|p1a: Darkrai|Dark Pulse|p2a: Sceptile
|-damage|p2a: Sceptile|14\/100
|
|-heal|p1a: Darkrai|23\/100|[from] item: Leftovers
|upkeep
|turn|4
|choice|move darkpulse|move gigadrain
|
|move|p2a: Sceptile|Giga Drain|p1a: Darkrai
|-damage|p1a: Darkrai|0 fnt
|-heal|p2a: Sceptile|25\/100|[from] drain|[of] p1a: Darkrai
|faint|p1a: Darkrai
|
|upkeep
|choice|switch 3|
|
|switch|p1a: Kommo-o|Kommo-o, L79, M|100\/100
|turn|5
|choice|move poisonjab|move outrage
|
|move|p2a: Sceptile|Outrage|p1a: Kommo-o
|-supereffective|p1a: Kommo-o
|-damage|p1a: Kommo-o|25\/100
|move|p1a: Kommo-o|Poison Jab|p2a: Sceptile
|-supereffective|p2a: Sceptile
|-damage|p2a: Sceptile|0 fnt
|faint|p2a: Sceptile
|
|upkeep
|choice||switch 3
|
|switch|p2a: Pheromosa|Pheromosa, L73|100\/100
|turn|6
|choice|move dragondance|move icebeam
|
|move|p2a: Pheromosa|Ice Beam|p1a: Kommo-o
|-supereffective|p1a: Kommo-o
|-damage|p1a: Kommo-o|0 fnt
|faint|p1a: Kommo-o
|-ability|p2a: Pheromosa|Beast Boost|boost
|-boost|p2a: Pheromosa|spe|1
|
|upkeep
|choice|switch 2|
|
|switch|p1a: Zapdos|Zapdos, L75|100\/100
|-ability|p1a: Zapdos|Pressure
|turn|7
|choice|move heatwave|move uturn
|
|move|p2a: Pheromosa|U-turn|p1a: Zapdos
|-resisted|p1a: Zapdos
|-damage|p1a: Zapdos|83\/100
|choice||switch 5
|
|switch|p2a: Tapu Bulu|Tapu Bulu, L75|100\/100
|-fieldstart|move: Grassy Terrain|[from] ability: Grassy Surge|[of] p2a: Tapu Bulu
|move|p1a: Zapdos|Heat Wave|p2a: Tapu Bulu
|-supereffective|p2a: Tapu Bulu
|-damage|p2a: Tapu Bulu|37\/100
|
|-heal|p2a: Tapu Bulu|43\/100|[from] Grassy Terrain
|upkeep
|turn|8
|choice|move heatwave|move woodhammer
|
|move|p1a: Zapdos|Heat Wave|p2a: Tapu Bulu
|-supereffective|p2a: Tapu Bulu
|-crit|p2a: Tapu Bulu
|-damage|p2a: Tapu Bulu|0 fnt
|faint|p2a: Tapu Bulu
|
|upkeep
|choice||switch 6
|
|switch|p2a: Araquanid|Araquanid, L79, M|100\/100
|turn|9
|choice|switch 5|move liquidation
|
|switch|p1a: Miltank|Miltank, L79, F|100\/100
|move|p2a: Araquanid|Liquidation|p1a: Miltank
|-damage|p1a: Miltank|57\/100
|
|-heal|p1a: Miltank|63\/100|[from] item: Leftovers
|-heal|p1a: Miltank|69\/100|[from] Grassy Terrain
|upkeep
|turn|10
|choice|move bodyslam|move toxic
|
|move|p1a: Miltank|Body Slam|p2a: Araquanid
|-damage|p2a: Araquanid|73\/100
|move|p2a: Araquanid|Toxic|p1a: Miltank
|-status|p1a: Miltank|tox
|
|-heal|p1a: Miltank|75\/100 tox|[from] item: Leftovers
|-heal|p2a: Araquanid|79\/100|[from] item: Leftovers
|-heal|p1a: Miltank|81\/100 tox|[from] Grassy Terrain
|-heal|p2a: Araquanid|84\/100|[from] Grassy Terrain
|-damage|p1a: Miltank|75\/100 tox|[from] psn
|upkeep
|turn|11
|choice|move healbell|switch 2
|
|switch|p2a: Octillery|Octillery, L79, F|100\/100
|move|p1a: Miltank|Heal Bell|p1a: Miltank
|-activate|p1a: Miltank|move: Heal Bell
|-curestatus|p1a: Miltank|tox|[msg]
|
|-heal|p1a: Miltank|81\/100|[from] item: Leftovers
|-heal|p1a: Miltank|87\/100|[from] Grassy Terrain
|-fieldend|move: Grassy Terrain
|upkeep
|turn|12
|choice|switch 6|move gunkshot
|
|switch|p1a: Cacturne|Cacturne, L79, M|100\/100
|move|p2a: Octillery|Gunk Shot|p1a: Cacturne
|-supereffective|p1a: Cacturne
|-damage|p1a: Cacturne|0 fnt
|faint|p1a: Cacturne
|
|upkeep
|choice|switch 4|
|
|switch|p1a: Castform|Castform, L79, M|100\/100
|turn|13
|choice|move raindance|move scald
|
|move|p1a: Castform|Rain Dance|p1a: Castform
|-weather|RainDance
|-formechange|p1a: Castform|Castform-Rainy|[msg]|[from] ability: Forecast
|move|p2a: Octillery|Scald|p1a: Castform
|-resisted|p1a: Castform
|-damage|p1a: Castform|67\/100
|
|-weather|RainDance|[upkeep]
|upkeep
|turn|14
|choice|move thunder|move gunkshot
|
|move|p1a: Castform|Thunder|p2a: Octillery
|-supereffective|p2a: Octillery
|-damage|p2a: Octillery|43\/100
|-status|p2a: Octillery|par
|move|p2a: Octillery|Gunk Shot|p1a: Castform
|-damage|p1a: Castform|23\/100
|-status|p1a: Castform|psn
|
|-weather|RainDance|[upkeep]
|-damage|p1a: Castform|10\/100 psn|[from] psn
|upkeep
|turn|15
|choice|move thunder|move scald
|
|move|p1a: Castform|Thunder|p2a: Octillery
|-supereffective|p2a: Octillery
|-damage|p2a: Octillery|0 fnt
|faint|p2a: Octillery
|
|-weather|RainDance|[upkeep]
|-damage|p1a: Castform|0 fnt|[from] psn
|upkeep
|faint|p1a: Castform
|choice|switch 6|switch 2
|
|switch|p1a: Miltank|Miltank, L79, F|87\/100
|switch|p2a: Araquanid|Araquanid, L79, M|84\/100
|turn|16
|choice|move bodyslam|move liquidation
|
|move|p1a: Miltank|Body Slam|p2a: Araquanid
|-crit|p2a: Araquanid
|-damage|p2a: Araquanid|42\/100
|-status|p2a: Araquanid|par
|move|p2a: Araquanid|Liquidation|p1a: Miltank
|-damage|p1a: Miltank|22\/100
|
|-weather|RainDance|[upkeep]
|-heal|p1a: Miltank|28\/100|[from] item: Leftovers
|-heal|p2a: Araquanid|48\/100 par|[from] item: Leftovers
|upkeep
|turn|17
|choice|move bodyslam|move liquidation
|
|move|p1a: Miltank|Body Slam|p2a: Araquanid
|-damage|p2a: Araquanid|17\/100 par
|move|p2a: Araquanid|Liquidation|p1a: Miltank
|-damage|p1a: Miltank|0 fnt
|faint|p1a: Miltank
|
|-weather|RainDance|[upkeep]
|-heal|p2a: Araquanid|22\/100 par|[from] item: Leftovers
|upkeep
|choice|switch 5|
|
|switch|p1a: Zapdos|Zapdos, L75|83\/100
|-ability|p1a: Zapdos|Pressure
|turn|18
|choice|move heatwave|move liquidation
|
|move|p1a: Zapdos|Heat Wave|p2a: Araquanid
|-damage|p2a: Araquanid|17\/100 par
|cant|p2a: Araquanid|par
|
|-weather|RainDance|[upkeep]
|-heal|p2a: Araquanid|23\/100 par|[from] item: Leftovers
|upkeep
|turn|19
|c|☆bjkbjkjkljk|???
|-message|Bloolava forfeited.
|
|win|bjkbjkjkljk
|l|Bloolava</script>
</div>
<div class="battle-log battle-log-inline"><div class="inner"><div class="chat"><small>Bloolava joined.</small></div><div class="chat"><small>bjkbjkjkljk joined.</small></div><div style="padding:5px 0"><small>Format:</small> <br><strong>[Gen 7] Random Battle</strong></div><div class="rated"><strong>Rated battle</strong></div><div><small><em>Sleep Clause Mod:</em> Limit one foe put to sleep</small></div><div><small><em>HP Percentage Mod:</em> HP is shown in percentages</small></div><div>Battle between Bloolava and bjkbjkjkljk started!</div><div class="spacer"></div><div>Go! Darkrai!</div><div class="spacer"></div><div>bjkbjkjkljk sent out Sceptile!</div><h2>Turn 1</h2><div class="chat message-error">Battle timer is ON: inactive players will automatically lose when time's up. (requested by Bloolava)</div><div class="spacer"></div><div><small>The opposing <span class="battle-nickname-foe" title="Sceptile-Mega">Sceptile</span>'s Sceptilite is reacting to bjkbjkjkljk's Mega Bracelet!<br>The opposing <span class="battle-nickname-foe" title="Sceptile-Mega">Sceptile</span> has Mega Evolved into Mega Sceptile!</small></div><div class="spacer"></div><div>The opposing <span class="battle-nickname-foe" title="Sceptile-Mega">Sceptile</span> used <strong>Substitute</strong>!</div><div><small>The opposing <span class="battle-nickname-foe" title="Sceptile-Mega">Sceptile</span> put in a substitute!</small></div><div><small>The opposing <span class="battle-nickname-foe" title="Sceptile-Mega">Sceptile</span> lost 24% of its health!</small><br></div><div class="spacer"></div><div><span class="battle-nickname" title="Darkrai">Darkrai</span> used <strong>Nasty Plot</strong>!</div><div><small><span class="battle-nickname" title="Darkrai">Darkrai</span>'s Special Attack rose sharply! </small></div><h2>Turn 2</h2><div class="spacer"></div><div>The opposing <span class="battle-nickname-foe" title="Sceptile-Mega">Sceptile</span> used <strong>Giga Drain</strong>!</div><div><small><span class="battle-nickname" title="Darkrai">Darkrai</span> lost 44% of its health!</small><br></div><div><small><span class="battle-nickname" title="Darkrai">Darkrai</span> had its energy drained!</small></div><div class="spacer"></div><div><span class="battle-nickname" title="Darkrai">Darkrai</span> used <strong>Dark Pulse</strong>!</div><div><small>The opposing <span class="battle-nickname-foe" title="Sceptile-Mega">Sceptile</span>'s substitute faded!</small></div><div class="spacer"></div><div><small><span class="battle-nickname" title="Darkrai">Darkrai</span> restored a little HP using its Leftovers!</small></div><h2>Turn 3</h2><div class="spacer"></div><div>The opposing <span class="battle-nickname-foe" title="Sceptile-Mega">Sceptile</span> used <strong>Giga Drain</strong>!</div><div><small><span class="battle-nickname" title="Darkrai">Darkrai</span> lost 44% of its health!</small><br></div><div><small><span class="battle-nickname" title="Darkrai">Darkrai</span> had its energy drained!</small></div><div class="spacer"></div><div><span class="battle-nickname" title="Darkrai">Darkrai</span> used <strong>Dark Pulse</strong>!</div><div><small>The opposing <span class="battle-nickname-foe" title="Sceptile-Mega">Sceptile</span> lost 86% of its health!</small><br></div><div class="spacer"></div><div><small><span class="battle-nickname" title="Darkrai">Darkrai</span> restored a little HP using its Leftovers!</small></div><h2>Turn 4</h2><div class="spacer"></div><div>The opposing <span class="battle-nickname-foe" title="Sceptile-Mega">Sceptile</span> used <strong>Giga Drain</strong>!</div><div><small><span class="battle-nickname" title="Darkrai">Darkrai</span> lost 23% of its health!</small><br></div><div><small><span class="battle-nickname" title="Darkrai">Darkrai</span> had its energy drained!</small></div><div class="spacer"></div><div><span class="battle-nickname" title="Darkrai">Darkrai</span> fainted!</div><div class="spacer"></div><div>Go! Kommo-o!</div><h2>Turn 5</h2><div class="spacer"></div><div>The opposing <span class="battle-nickname-foe" title="Sceptile-Mega">Sceptile</span> used <strong>Outrage</strong>!</div><div><small>It's super effective! </small><small><span class="battle-nickname" title="Kommo-o">Kommo-o</span> lost 75% of its health!</small><br></div><div class="spacer"></div><div><span class="battle-nickname" title="Kommo-o">Kommo-o</span> used <strong>Poison Jab</strong>!</div><div><small>It's super effective! </small><small>The opposing <span class="battle-nickname-foe" title="Sceptile-Mega">Sceptile</span> lost 25% of its health!</small><br></div><div class="spacer"></div><div>The opposing <span class="battle-nickname-foe" title="Sceptile-Mega">Sceptile</span> fainted!</div><div class="spacer"></div><div>bjkbjkjkljk sent out Pheromosa!</div><h2>Turn 6</h2><div class="spacer"></div><div>The opposing <span class="battle-nickname-foe" title="Pheromosa">Pheromosa</span> used <strong>Ice Beam</strong>!</div><div><small>It's super effective! </small><small><span class="battle-nickname" title="Kommo-o">Kommo-o</span> lost 25% of its health!</small><br></div><div class="spacer"></div><div><span class="battle-nickname" title="Kommo-o">Kommo-o</span> fainted!</div><div><small>[Opposing <span class="battle-nickname-foe" title="Pheromosa">Pheromosa</span>'s Beast Boost!]</small></div><div><small>The opposing <span class="battle-nickname-foe" title="Pheromosa">Pheromosa</span>'s Speed rose! </small></div><div class="spacer"></div><div>Go! Zapdos!</div><div><small>[<span class="battle-nickname" title="Zapdos">Zapdos</span>'s Pressure!]</small></div><div><small><span class="battle-nickname" title="Zapdos">Zapdos</span> is exerting its pressure!</small></div><h2>Turn 7</h2><div class="spacer"></div><div>The opposing <span class="battle-nickname-foe" title="Pheromosa">Pheromosa</span> used <strong>U-turn</strong>!</div><div><small>It's not very effective... </small><small><span class="battle-nickname" title="Zapdos">Zapdos</span> lost 17% of its health!</small><br></div><div class="spacer"></div><div>The opposing <span class="battle-nickname-foe" title="Pheromosa">Pheromosa</span> went back to bjkbjkjkljk!</div><div class="spacer"></div><div>bjkbjkjkljk sent out Tapu Bulu!</div><div><small>[Opposing <span class="battle-nickname-foe" title="Tapu Bulu">Tapu Bulu</span>'s Grassy Surge!]</small></div><div><small>Grass grew to cover the battlefield!</small></div><div class="spacer"></div><div><span class="battle-nickname" title="Zapdos">Zapdos</span> used <strong>Heat Wave</strong>!</div><div><small>It's super effective! </small><small>The opposing <span class="battle-nickname-foe" title="Tapu Bulu">Tapu Bulu</span> lost 63% of its health!</small><br></div><div class="spacer"></div><div><small>The opposing <span class="battle-nickname-foe" title="Tapu Bulu">Tapu Bulu</span> restored HP using its Grassy Terrain!</small></div><h2>Turn 8</h2><div class="spacer"></div><div><span class="battle-nickname" title="Zapdos">Zapdos</span> used <strong>Heat Wave</strong>!</div><div><small>It's super effective! A critical hit! </small><small>The opposing <span class="battle-nickname-foe" title="Tapu Bulu">Tapu Bulu</span> lost 43% of its health!</small><br></div><div class="spacer"></div><div>The opposing <span class="battle-nickname-foe" title="Tapu Bulu">Tapu Bulu</span> fainted!</div><div class="spacer"></div><div>bjkbjkjkljk sent out Araquanid!</div><h2>Turn 9</h2><div class="spacer"></div><div><span class="battle-nickname" title="Zapdos">Zapdos</span>, come back!</div><div class="spacer"></div><div>Go! Miltank!</div><div class="spacer"></div><div>The opposing <span class="battle-nickname-foe" title="Araquanid">Araquanid</span> used <strong>Liquidation</strong>!</div><div><small><span class="battle-nickname" title="Miltank">Miltank</span> lost 43% of its health!</small><br></div><div class="spacer"></div><div><small><span class="battle-nickname" title="Miltank">Miltank</span> restored a little HP using its Leftovers!</small></div><div><small><span class="battle-nickname" title="Miltank">Miltank</span> restored HP using its Grassy Terrain!</small></div><h2>Turn 10</h2><div class="spacer"></div><div><span class="battle-nickname" title="Miltank">Miltank</span> used <strong>Body Slam</strong>!</div><div><small>The opposing <span class="battle-nickname-foe" title="Araquanid">Araquanid</span> lost 27% of its health!</small><br></div><div class="spacer"></div><div>The opposing <span class="battle-nickname-foe" title="Araquanid">Araquanid</span> used <strong>Toxic</strong>!</div><div><small><span class="battle-nickname" title="Miltank">Miltank</span> was badly poisoned!</small></div><div class="spacer"></div><div><small><span class="battle-nickname" title="Miltank">Miltank</span> restored a little HP using its Leftovers!</small></div><div><small>The opposing <span class="battle-nickname-foe" title="Araquanid">Araquanid</span> restored a little HP using its Leftovers!</small></div><div><small><span class="battle-nickname" title="Miltank">Miltank</span> restored HP using its Grassy Terrain!</small></div><div><small>The opposing <span class="battle-nickname-foe" title="Araquanid">Araquanid</span> restored HP using its Grassy Terrain!</small></div><div><small><span class="battle-nickname" title="Miltank">Miltank</span> was hurt by poison!</small></div><h2>Turn 11</h2><div class="spacer"></div><div>bjkbjkjkljk withdrew Araquanid!</div><div class="spacer"></div><div>bjkbjkjkljk sent out Octillery!</div><div class="spacer"></div><div><span class="battle-nickname" title="Miltank">Miltank</span> used <strong>Heal Bell</strong>!</div><div><small>A bell chimed!</small></div><div><small><span class="battle-nickname" title="Miltank">Miltank</span> was cured of its poisoning.</small></div><div class="spacer"></div><div><small><span class="battle-nickname" title="Miltank">Miltank</span> restored a little HP using its Leftovers!</small></div><div><small><span class="battle-nickname" title="Miltank">Miltank</span> restored HP using its Grassy Terrain!</small></div><div><small>The grass disappeared from the battlefield.</small></div><h2>Turn 12</h2><div class="spacer"></div><div><span class="battle-nickname" title="Miltank">Miltank</span>, come back!</div><div class="spacer"></div><div>Go! Cacturne!</div><div class="spacer"></div><div>The opposing <span class="battle-nickname-foe" title="Octillery">Octillery</span> used <strong>Gunk Shot</strong>!</div><div><small>It's super effective! </small><small><span class="battle-nickname" title="Cacturne">Cacturne</span> lost 100% of its health!</small><br></div><div class="spacer"></div><div><span class="battle-nickname" title="Cacturne">Cacturne</span> fainted!</div><div class="spacer"></div><div>Go! Castform!</div><h2>Turn 13</h2><div class="spacer"></div><div><span class="battle-nickname" title="Castform">Castform</span> used <strong>Rain Dance</strong>!</div><div><small>It started to rain!</small></div><div><small>[<span class="battle-nickname" title="Castform">Castform</span>'s Forecast!]</small></div><div><small><span class="battle-nickname" title="Castform">Castform</span> transformed!</small></div><div class="spacer"></div><div>The opposing <span class="battle-nickname-foe" title="Octillery">Octillery</span> used <strong>Scald</strong>!</div><div><small>It's not very effective... </small><small><span class="battle-nickname" title="Castform">Castform</span> lost 33% of its health!</small><br></div><h2>Turn 14</h2><div class="spacer"></div><div><span class="battle-nickname" title="Castform">Castform</span> used <strong>Thunder</strong>!</div><div><small>It's super effective! </small><small>The opposing <span class="battle-nickname-foe" title="Octillery">Octillery</span> lost 57% of its health!</small><br></div><div><small>The opposing <span class="battle-nickname-foe" title="Octillery">Octillery</span> is paralyzed! It may be unable to move!</small></div><div class="spacer"></div><div>The opposing <span class="battle-nickname-foe" title="Octillery">Octillery</span> used <strong>Gunk Shot</strong>!</div><div><small><span class="battle-nickname" title="Castform">Castform</span> lost 44% of its health!</small><br></div><div><small><span class="battle-nickname" title="Castform">Castform</span> was poisoned!</small></div><div class="spacer"></div><div><small><span class="battle-nickname" title="Castform">Castform</span> was hurt by poison!</small></div><h2>Turn 15</h2><div class="spacer"></div><div><span class="battle-nickname" title="Castform">Castform</span> used <strong>Thunder</strong>!</div><div><small>It's super effective! </small><small>The opposing <span class="battle-nickname-foe" title="Octillery">Octillery</span> lost 43% of its health!</small><br></div><div class="spacer"></div><div>The opposing <span class="battle-nickname-foe" title="Octillery">Octillery</span> fainted!</div><div class="spacer"></div><div><small><span class="battle-nickname" title="Castform">Castform</span> was hurt by poison!</small></div><div class="spacer"></div><div><span class="battle-nickname" title="Castform">Castform</span> fainted!</div><div class="spacer"></div><div>Go! Miltank!</div><div class="spacer"></div><div>bjkbjkjkljk sent out Araquanid!</div><h2>Turn 16</h2><div class="spacer"></div><div><span class="battle-nickname" title="Miltank">Miltank</span> used <strong>Body Slam</strong>!</div><div><small>A critical hit! </small><small>The opposing <span class="battle-nickname-foe" title="Araquanid">Araquanid</span> lost 42% of its health!</small><br></div><div><small>The opposing <span class="battle-nickname-foe" title="Araquanid">Araquanid</span> is paralyzed! It may be unable to move!</small></div><div class="spacer"></div><div>The opposing <span class="battle-nickname-foe" title="Araquanid">Araquanid</span> used <strong>Liquidation</strong>!</div><div><small><span class="battle-nickname" title="Miltank">Miltank</span> lost 65% of its health!</small><br></div><div class="spacer"></div><div><small><span class="battle-nickname" title="Miltank">Miltank</span> restored a little HP using its Leftovers!</small></div><div><small>The opposing <span class="battle-nickname-foe" title="Araquanid">Araquanid</span> restored a little HP using its Leftovers!</small></div><h2>Turn 17</h2><div class="spacer"></div><div><span class="battle-nickname" title="Miltank">Miltank</span> used <strong>Body Slam</strong>!</div><div><small>The opposing <span class="battle-nickname-foe" title="Araquanid">Araquanid</span> lost 31% of its health!</small><br></div><div class="spacer"></div><div>The opposing <span class="battle-nickname-foe" title="Araquanid">Araquanid</span> used <strong>Liquidation</strong>!</div><div><small><span class="battle-nickname" title="Miltank">Miltank</span> lost 28% of its health!</small><br></div><div class="spacer"></div><div><span class="battle-nickname" title="Miltank">Miltank</span> fainted!</div><div class="spacer"></div><div><small>The opposing <span class="battle-nickname-foe" title="Araquanid">Araquanid</span> restored a little HP using its Leftovers!</small></div><div class="spacer"></div><div>Go! Zapdos!</div><div><small>[<span class="battle-nickname" title="Zapdos">Zapdos</span>'s Pressure!]</small></div><div><small><span class="battle-nickname" title="Zapdos">Zapdos</span> is exerting its pressure!</small></div><h2>Turn 18</h2><div class="spacer"></div><div><span class="battle-nickname" title="Zapdos">Zapdos</span> used <strong>Heat Wave</strong>!</div><div><small>The opposing <span class="battle-nickname-foe" title="Araquanid">Araquanid</span> lost 5% of its health!</small><br></div><div class="spacer"></div><div>The opposing <span class="battle-nickname-foe" title="Araquanid">Araquanid</span> is paralyzed! It can't move!</div><div class="spacer"></div><div><small>The opposing <span class="battle-nickname-foe" title="Araquanid">Araquanid</span> restored a little HP using its Leftovers!</small></div><h2>Turn 19</h2><div class="chat chatmessage-bjkbjkjkljk"><strong style="color:hsl(28,78%,38%);"><small>☆</small><span class="username" data-name="bjkbjkjkljk">bjkbjkjkljk</span>:</strong> <em>???</em></div><div class="spacer"></div><div><small>Bloolava forfeited.</small></div><div class="spacer"></div><div>bjkbjkjkljk won the battle!</div><div class="chat"><small>Bloolava left.</small></div></div></div>
</div>
<script>
var daily = Math.floor(Date.now()/1000/60/60/24);document.write('<script src="https://play.pokemonshowdown.com/js/replay-embed.js?version'+daily+'"></'+'script>');
</script>
