<!DOCTYPE html>
<meta charset="utf-8" />
<!-- version 1 -->
<title>[Gen 7] Random Battle replay: Minuit24 vs. DxD_Hunter</title>
<style>
html,body {font-family:Verdana, sans-serif;font-size:10pt;margin:0;padding:0;}body{padding:12px 0;} .battle-log {font-family:Verdana, sans-serif;font-size:10pt;} .battle-log-inline {border:1px solid #AAAAAA;background:#EEF2F5;color:black;max-width:640px;margin:0 auto 80px;padding-bottom:5px;} .battle-log .inner {padding:4px 8px 0px 8px;} .battle-log .inner-preempt {padding:0 8px 4px 8px;} .battle-log .inner-after {margin-top:0.5em;} .battle-log h2 {margin:0.5em -8px;padding:4px 8px;border:1px solid #AAAAAA;background:#E0E7EA;border-left:0;border-right:0;font-family:Verdana, sans-serif;font-size:13pt;} .battle-log .chat {vertical-align:middle;padding:3px 0 3px 0;font-size:8pt;} .battle-log .chat strong {color:#40576A;} .battle-log .chat em {padding:1px 4px 1px 3px;color:#000000;font-style:normal;} .chat.mine {background:rgba(0,0,0,0.05);margin-left:-8px;margin-right:-8px;padding-left:8px;padding-right:8px;} .spoiler {color:#BBBBBB;background:#BBBBBB;padding:0px 3px;} .spoiler:hover, .spoiler:active, .spoiler-shown {color:#000000;background:#E2E2E2;padding:0px 3px;} .spoiler a {color:#BBBBBB;} .spoiler:hover a, .spoiler:active a, .spoiler-shown a {color:#2288CC;} .chat code, .chat .spoiler:hover code, .chat .spoiler:active code, .chat .spoiler-shown code {border:1px solid #C0C0C0;background:#EEEEEE;color:black;padding:0 2px;} .chat .spoiler code {border:1px solid #CCCCCC;background:#CCCCCC;color:#CCCCCC;} .battle-log .rated {padding:3px 4px;} .battle-log .rated strong {color:white;background:#89A;padding:1px 4px;border-radius:4px;} .spacer {margin-top:0.5em;} .message-announce {background:#6688AA;color:white;padding:1px 4px 2px;} .message-announce a, .broadcast-green a, .broadcast-blue a, .broadcast-red a {color:#DDEEFF;} .broadcast-green {background-color:#559955;color:white;padding:2px 4px;} .broadcast-blue {background-color:#6688AA;color:white;padding:2px 4px;} .infobox {border:1px solid #6688AA;padding:2px 4px;} .infobox-limited {max-height:200px;overflow:auto;overflow-x:hidden;} .broadcast-red {background-color:#AA5544;color:white;padding:2px 4px;} .message-learn-canlearn {font-weight:bold;color:#228822;text-decoration:underline;} .message-learn-cannotlearn {font-weight:bold;color:#CC2222;text-decoration:underline;} .message-effect-weak {font-weight:bold;color:#CC2222;} .message-effect-resist {font-weight:bold;color:#6688AA;} .message-effect-immune {font-weight:bold;color:#666666;} .message-learn-list {margin-top:0;margin-bottom:0;} .message-throttle-notice, .message-error {color:#992222;} .message-overflow, .chat small.message-overflow {font-size:0pt;} .message-overflow::before {font-size:9pt;content:'...';} .subtle {color:#3A4A66;}
</style>
<div class="wrapper replay-wrapper" style="max-width:1180px;margin:0 auto">
<input type="hidden" name="replayid" value="gen7randombattle-566864220" />
<div class="battle"></div><div class="battle-log"></div><div class="replay-controls"></div><div class="replay-controls-2"></div>
<h1 style="font-weight:normal;text-align:center"><strong>[Gen 7] Random Battle</strong><br /><a href="http://pokemonshowdown.com/users/minuit24" class="subtle" target="_blank">Minuit24</a> vs. <a href="http://pokemonshowdown.com/users/dxdhunter" class="subtle" target="_blank">DxD_Hunter</a></h1>
<script type="text/plain" class="battle-log-data">|j|Minuit24
|j|DxD_Hunter
|player|p1|Minuit24|1
|player|p2|DxD_Hunter|200
|gametype|singles
|gen|7
|tier|[Gen 7] Random Battle
|rated
|seed|13675,61890,14155,11930,35016,1325,24757,40173,5760,19431,8047,59936
|rule|Sleep Clause Mod: Limit one foe put to sleep
|rule|HP Percentage Mod: HP is shown in percentages
|
|start
|switch|p1a: Hypno|Hypno, L79, F|100\/100
|switch|p2a: Kyurem|Kyurem-Black, L76|100\/100
|-ability|p2a: Kyurem|Teravolt
|turn|1
|choice|move thunderwave|move fusionbolt
|
|move|p2a: Kyurem|Fusion Bolt|p1a: Hypno
|-damage|p1a: Hypno|54\/100
|move|p1a: Hypno|Thunder Wave|p2a: Kyurem
|-status|p2a: Kyurem|par
|
|-heal|p1a: Hypno|60\/100|[from] item: Leftovers
|upkeep
|turn|2
|choice|move wish|move fusionbolt
|
|move|p1a: Hypno|Wish|p1a: Hypno
|move|p2a: Kyurem|Fusion Bolt|p1a: Hypno
|-damage|p1a: Hypno|19\/100
|
|-heal|p1a: Hypno|25\/100|[from] item: Leftovers
|upkeep
|turn|3
|choice|move protect|move outrage
|
|move|p1a: Hypno|Protect|p1a: Hypno
|-singleturn|p1a: Hypno|Protect
|move|p2a: Kyurem|Outrage|p1a: Hypno
|-activate|p1a: Hypno|move: Protect
|
|-heal|p1a: Hypno|75\/100|[from] move: Wish|[wisher] Hypno
|-heal|p1a: Hypno|81\/100|[from] item: Leftovers
|upkeep
|turn|4
|choice|move wish|move fusionbolt
|
|move|p1a: Hypno|Wish|p1a: Hypno
|move|p2a: Kyurem|Fusion Bolt|p1a: Hypno
|-damage|p1a: Hypno|34\/100
|
|-heal|p1a: Hypno|40\/100|[from] item: Leftovers
|upkeep
|turn|5
|choice|move protect|move icebeam
|
|move|p1a: Hypno|Protect|p1a: Hypno
|-singleturn|p1a: Hypno|Protect
|move|p2a: Kyurem|Ice Beam|p1a: Hypno
|-activate|p1a: Hypno|move: Protect
|
|-heal|p1a: Hypno|90\/100|[from] move: Wish|[wisher] Hypno
|-heal|p1a: Hypno|96\/100|[from] item: Leftovers
|upkeep
|turn|6
|inactive|Battle timer is ON: inactive players will automatically lose when time's up. (requested by DxD_Hunter)
|choice|move wish|move outrage
|
|move|p1a: Hypno|Wish|p1a: Hypno
|move|p2a: Kyurem|Outrage|p1a: Hypno
|-damage|p1a: Hypno|16\/100
|
|-heal|p1a: Hypno|22\/100|[from] item: Leftovers
|upkeep
|turn|7
|choice|move protect|move outrage
|
|move|p1a: Hypno|Protect|p1a: Hypno
|-singleturn|p1a: Hypno|Protect
|cant|p2a: Kyurem|par
|
|-start|p2a: Kyurem|confusion|[fatigue]
|-heal|p1a: Hypno|72\/100|[from] move: Wish|[wisher] Hypno
|-heal|p1a: Hypno|79\/100|[from] item: Leftovers
|upkeep
|turn|8
|choice|move wish|move icebeam
|
|move|p1a: Hypno|Wish|p1a: Hypno
|-activate|p2a: Kyurem|confusion
|move|p2a: Kyurem|Ice Beam|p1a: Hypno
|-damage|p1a: Hypno|50\/100
|
|-heal|p1a: Hypno|56\/100|[from] item: Leftovers
|upkeep
|turn|9
|choice|move protect|move icebeam
|
|move|p1a: Hypno|Protect|p1a: Hypno
|-singleturn|p1a: Hypno|Protect
|-activate|p2a: Kyurem|confusion
|-damage|p2a: Kyurem|88\/100 par|[from] confusion
|
|-heal|p1a: Hypno|100\/100|[from] move: Wish|[wisher] Hypno
|-heal|p2a: Kyurem|94\/100 par|[from] item: Leftovers
|upkeep
|turn|10
|c|☆DxD_Hunter|We have too much time on our hands
|choice|switch 5|move icebeam
|
|switch|p1a: Skarmory|Skarmory, L75, F|100\/100
|-activate|p2a: Kyurem|confusion
|move|p2a: Kyurem|Ice Beam|p1a: Skarmory
|-damage|p1a: Skarmory|40\/100
|
|-heal|p1a: Skarmory|46\/100|[from] item: Leftovers
|-heal|p2a: Kyurem|100\/100 par|[from] item: Leftovers
|upkeep
|turn|11
|choice|move stealthrock|move icebeam
|
|move|p1a: Skarmory|Stealth Rock|p2a: Kyurem
|-sidestart|p2: DxD_Hunter|move: Stealth Rock
|-activate|p2a: Kyurem|confusion
|move|p2a: Kyurem|Ice Beam|p1a: Skarmory
|-damage|p1a: Skarmory|0 fnt
|faint|p1a: Skarmory
|
|upkeep
|choice|switch 4|
|
|switch|p1a: Kangaskhan|Kangaskhan, L73, F|100\/100
|turn|12
|choice|move poweruppunch mega|move fusionbolt
|
|detailschange|p1a: Kangaskhan|Kangaskhan-Mega, L73, F
|-mega|p1a: Kangaskhan|Kangaskhan|Kangaskhanite
|move|p1a: Kangaskhan|Power-Up Punch|p2a: Kyurem
|-supereffective|p2a: Kyurem
|-damage|p2a: Kyurem|83\/100 par
|-boost|p1a: Kangaskhan|atk|1
|-supereffective|p2a: Kyurem
|-damage|p2a: Kyurem|76\/100 par
|-boost|p1a: Kangaskhan|atk|1
|-hitcount|p2a: Kyurem|2
|-end|p2a: Kyurem|confusion
|move|p2a: Kyurem|Fusion Bolt|p1a: Kangaskhan
|-damage|p1a: Kangaskhan|67\/100
|
|-heal|p2a: Kyurem|82\/100 par|[from] item: Leftovers
|upkeep
|turn|13
|choice|move return|move outrage
|
|move|p1a: Kangaskhan|Return|p2a: Kyurem
|-damage|p2a: Kyurem|23\/100 par
|-crit|p2a: Kyurem
|-damage|p2a: Kyurem|0 fnt
|-hitcount|p2a: Kyurem|2
|faint|p2a: Kyurem
|
|upkeep
|choice||switch 3
|
|switch|p2a: Lunala|Lunala, L73|100\/100
|-damage|p2a: Lunala|88\/100|[from] Stealth Rock
|turn|14
|choice|move crunch|move focusblast
|
|move|p1a: Kangaskhan|Crunch|p2a: Lunala
|-supereffective|p2a: Lunala
|-damage|p2a: Lunala|0 fnt
|-hitcount|p2a: Lunala|1
|faint|p2a: Lunala
|
|upkeep
|choice||switch 4
|
|switch|p2a: Nihilego|Nihilego, L75|100\/100
|-damage|p2a: Nihilego|88\/100|[from] Stealth Rock
|-item|p2a: Nihilego|Air Balloon
|turn|15
|choice|move earthquake|move toxicspikes
|
|move|p2a: Nihilego|Toxic Spikes|p1a: Kangaskhan
|-sidestart|p1: Minuit24|move: Toxic Spikes
|move|p1a: Kangaskhan|Earthquake|p2a: Nihilego
|-immune|p2a: Nihilego|[msg]
|
|upkeep
|turn|16
|choice|move poweruppunch|move sludgewave
|
|move|p2a: Nihilego|Sludge Wave|p1a: Kangaskhan
|-damage|p1a: Kangaskhan|27\/100
|move|p1a: Kangaskhan|Power-Up Punch|p2a: Nihilego
|-damage|p2a: Nihilego|58\/100
|-enditem|p2a: Nihilego|Air Balloon
|-boost|p1a: Kangaskhan|atk|1
|-damage|p2a: Nihilego|49\/100
|-boost|p1a: Kangaskhan|atk|1
|-hitcount|p2a: Nihilego|2
|
|upkeep
|turn|17
|choice|switch 5|move sludgewave
|
|switch|p1a: Hypno|Hypno, L79, F|100\/100
|-status|p1a: Hypno|psn
|move|p2a: Nihilego|Sludge Wave|p1a: Hypno
|-damage|p1a: Hypno|68\/100 psn
|
|-heal|p1a: Hypno|74\/100 psn|[from] item: Leftovers
|-damage|p1a: Hypno|62\/100 psn|[from] psn
|upkeep
|turn|18
|choice|move thunderwave|move powergem
|
|move|p2a: Nihilego|Power Gem|p1a: Hypno
|-damage|p1a: Hypno|34\/100 psn
|move|p1a: Hypno|Thunder Wave|p2a: Nihilego
|-status|p2a: Nihilego|par
|
|-heal|p1a: Hypno|40\/100 psn|[from] item: Leftovers
|-damage|p1a: Hypno|28\/100 psn|[from] psn
|upkeep
|turn|19
|choice|move psychic|move powergem
|
|move|p1a: Hypno|Psychic|p2a: Nihilego
|-supereffective|p2a: Nihilego
|-damage|p2a: Nihilego|8\/100 par
|move|p2a: Nihilego|Power Gem|p1a: Hypno
|-damage|p1a: Hypno|0 fnt
|faint|p1a: Hypno
|-ability|p2a: Nihilego|Beast Boost|boost
|-boost|p2a: Nihilego|spd|1
|
|upkeep
|choice|switch 5|
|
|switch|p1a: Kangaskhan|Kangaskhan-Mega, L73, F|27\/100
|-status|p1a: Kangaskhan|psn
|turn|20
|choice|move poweruppunch|move sludgewave
|
|move|p1a: Kangaskhan|Power-Up Punch|p2a: Nihilego
|-damage|p2a: Nihilego|0 fnt
|-boost|p1a: Kangaskhan|atk|1
|-hitcount|p2a: Nihilego|1
|faint|p2a: Nihilego
|
|-damage|p1a: Kangaskhan|15\/100 psn|[from] psn
|upkeep
|choice||switch 6
|
|switch|p2a: Aerodactyl|Aerodactyl, L77, F|100\/100
|-ability|p2a: Aerodactyl|Unnerve|p1: Minuit24
|-damage|p2a: Aerodactyl|76\/100|[from] Stealth Rock
|turn|21
|choice|move return|move firefang mega
|
|detailschange|p2a: Aerodactyl|Aerodactyl-Mega, L77, F
|-mega|p2a: Aerodactyl|Aerodactyl|Aerodactylite
|move|p2a: Aerodactyl|Fire Fang|p1a: Kangaskhan
|-crit|p1a: Kangaskhan
|-damage|p1a: Kangaskhan|0 fnt
|faint|p1a: Kangaskhan
|
|upkeep
|choice|switch 3|
|
|switch|p1a: Feraligatr|Feraligatr, L78, M|100\/100
|-status|p1a: Feraligatr|psn
|turn|22
|choice|move waterfall|switch 2
|
|switch|p2a: Rayquaza|Rayquaza, L73|100\/100
|-damage|p2a: Rayquaza|76\/100|[from] Stealth Rock
|-ability|p2a: Rayquaza|Air Lock
|move|p1a: Feraligatr|Waterfall|p2a: Rayquaza
|-resisted|p2a: Rayquaza
|-damage|p2a: Rayquaza|49\/100
|
|-heal|p2a: Rayquaza|55\/100|[from] item: Leftovers
|-damage|p1a: Feraligatr|88\/100 psn|[from] psn
|upkeep
|turn|23
|choice|switch 6|move dragonclaw
|
|switch|p1a: Trevenant|Trevenant, L79, F|100\/100
|-status|p1a: Trevenant|psn
|move|p2a: Rayquaza|Dragon Claw|p1a: Trevenant
|-damage|p1a: Trevenant|58\/100 psn
|
|-heal|p2a: Rayquaza|61\/100|[from] item: Leftovers
|-heal|p1a: Trevenant|65\/100 psn|[from] item: Leftovers
|-damage|p1a: Trevenant|52\/100 psn|[from] psn
|upkeep
|turn|24
|choice|move willowisp|move vcreate
|
|move|p2a: Rayquaza|V-create|p1a: Trevenant
|-supereffective|p1a: Trevenant
|-damage|p1a: Trevenant|0 fnt
|-unboost|p2a: Rayquaza|spe|1
|-unboost|p2a: Rayquaza|def|1
|-unboost|p2a: Rayquaza|spd|1
|faint|p1a: Trevenant
|
|-heal|p2a: Rayquaza|67\/100|[from] item: Leftovers
|upkeep
|choice|switch 2|
|
|switch|p1a: Flygon|Flygon, L79, M|100\/100
|turn|25
|choice|move outrage|switch 2
|
|switch|p2a: Aerodactyl|Aerodactyl-Mega, L77, F|76\/100
|-damage|p2a: Aerodactyl|51\/100|[from] Stealth Rock
|move|p1a: Flygon|Outrage|p2a: Aerodactyl
|-damage|p2a: Aerodactyl|0 fnt
|-damage|p1a: Flygon|91\/100|[from] item: Life Orb
|faint|p2a: Aerodactyl
|
|upkeep
|choice||switch 5
|
|switch|p2a: Linoone|Linoone, L79, F|100\/100
|-damage|p2a: Linoone|88\/100|[from] Stealth Rock
|turn|26
|choice|move outrage|move bellydrum
|
|move|p2a: Linoone|Belly Drum|p2a: Linoone
|-damage|p2a: Linoone|38\/100
|-setboost|p2a: Linoone|atk|6|[from] move: Belly Drum
|-enditem|p2a: Linoone|Mago Berry|[eat]
|-heal|p2a: Linoone|88\/100|[from] item: Mago Berry
|move|p1a: Flygon|Outrage|p2a: Linoone|[from]lockedmove
|-damage|p2a: Linoone|10\/100
|-damage|p1a: Flygon|81\/100|[from] item: Life Orb
|-start|p1a: Flygon|confusion|[fatigue]
|
|upkeep
|turn|27
|choice|move outrage|move extremespeed
|
|move|p2a: Linoone|Extreme Speed|p1a: Flygon
|-crit|p1a: Flygon
|-damage|p1a: Flygon|0 fnt
|faint|p1a: Flygon
|
|upkeep
|choice|switch 6|
|
|switch|p1a: Feraligatr|Feraligatr, L78, M|88\/100 psn
|turn|28
|choice|move aquajet|move extremespeed
|
|move|p2a: Linoone|Extreme Speed|p1a: Feraligatr
|-damage|p1a: Feraligatr|0 fnt
|faint|p1a: Feraligatr
|
|win|DxD_Hunter
|c|☆DxD_Hunter|Gg
|c|☆DxD_Hunter|it was fun
|raw|Minuit24's rating: 1457 &rarr; <strong>1431<\/strong><br \/>(-26 for losing)
|raw|DxD_Hunter's rating: 1352 &rarr; <strong>1378<\/strong><br \/>(+26 for winning)
|l|Minuit24</script>
</div>
<div class="battle-log battle-log-inline"><div class="inner"><div class="chat"><small>Minuit24 joined.</small></div><div class="chat"><small>DxD_Hunter joined.</small></div><div style="padding:5px 0"><small>Format:</small> <br><strong>[Gen 7] Random Battle</strong></div><div class="rated"><strong>Rated battle</strong></div><div><small><em>Sleep Clause Mod:</em> Limit one foe put to sleep</small></div><div><small><em>HP Percentage Mod:</em> HP is shown in percentages</small></div><div>Battle between Minuit24 and DxD_Hunter started!</div><div class="spacer"></div><div>Go! Hypno!</div><div class="spacer"></div><div>DxD_Hunter sent out <span class="battle-nickname-foe" title="Kyurem-Black">Kyurem <small>(Kyurem-Black)</small></span>!</div><div><small>[Opposing <span class="battle-nickname-foe" title="Kyurem-Black">Kyurem</span>'s Teravolt!]</small></div><div><small>The opposing <span class="battle-nickname-foe" title="Kyurem-Black">Kyurem</span> is radiating a bursting aura!</small></div><h2>Turn 1</h2><div class="spacer"></div><div>The opposing <span class="battle-nickname-foe" title="Kyurem-Black">Kyurem</span> used <strong>Fusion Bolt</strong>!</div><div><small><span class="battle-nickname" title="Hypno">Hypno</span> lost 46% of its health!</small><br></div><div class="spacer"></div><div><span class="battle-nickname" title="Hypno">Hypno</span> used <strong>Thunder Wave</strong>!</div><div><small>The opposing <span class="battle-nickname-foe" title="Kyurem-Black">Kyurem</span> is paralyzed! It may be unable to move!</small></div><div class="spacer"></div><div><small><span class="battle-nickname" title="Hypno">Hypno</span> restored a little HP using its Leftovers!</small></div><h2>Turn 2</h2><div class="spacer"></div><div><span class="battle-nickname" title="Hypno">Hypno</span> used <strong>Wish</strong>!</div><div class="spacer"></div><div>The opposing <span class="battle-nickname-foe" title="Kyurem-Black">Kyurem</span> used <strong>Fusion Bolt</strong>!</div><div><small><span class="battle-nickname" title="Hypno">Hypno</span> lost 41% of its health!</small><br></div><div class="spacer"></div><div><small><span class="battle-nickname" title="Hypno">Hypno</span> restored a little HP using its Leftovers!</small></div><h2>Turn 3</h2><div class="spacer"></div><div><span class="battle-nickname" title="Hypno">Hypno</span> used <strong>Protect</strong>!</div><div><small><span class="battle-nickname" title="Hypno">Hypno</span> protected itself!</small></div><div class="spacer"></div><div>The opposing <span class="battle-nickname-foe" title="Kyurem-Black">Kyurem</span> used <strong>Outrage</strong>!</div><div><small><span class="battle-nickname" title="Hypno">Hypno</span> protected itself!</small></div><div class="spacer"></div><div><small>Hypno's wish came true!</small></div><div><small><span class="battle-nickname" title="Hypno">Hypno</span> restored a little HP using its Leftovers!</small></div><h2>Turn 4</h2><div class="spacer"></div><div><span class="battle-nickname" title="Hypno">Hypno</span> used <strong>Wish</strong>!</div><div class="spacer"></div><div>The opposing <span class="battle-nickname-foe" title="Kyurem-Black">Kyurem</span> used <strong>Fusion Bolt</strong>!</div><div><small><span class="battle-nickname" title="Hypno">Hypno</span> lost 47% of its health!</small><br></div><div class="spacer"></div><div><small><span class="battle-nickname" title="Hypno">Hypno</span> restored a little HP using its Leftovers!</small></div><h2>Turn 5</h2><div class="spacer"></div><div><span class="battle-nickname" title="Hypno">Hypno</span> used <strong>Protect</strong>!</div><div><small><span class="battle-nickname" title="Hypno">Hypno</span> protected itself!</small></div><div class="spacer"></div><div>The opposing <span class="battle-nickname-foe" title="Kyurem-Black">Kyurem</span> used <strong>Ice Beam</strong>!</div><div><small><span class="battle-nickname" title="Hypno">Hypno</span> protected itself!</small></div><div class="spacer"></div><div><small>Hypno's wish came true!</small></div><div><small><span class="battle-nickname" title="Hypno">Hypno</span> restored a little HP using its Leftovers!</small></div><h2>Turn 6</h2><div class="chat message-error">Battle timer is ON: inactive players will automatically lose when time's up. (requested by DxD_Hunter)</div><div class="spacer"></div><div><span class="battle-nickname" title="Hypno">Hypno</span> used <strong>Wish</strong>!</div><div class="spacer"></div><div>The opposing <span class="battle-nickname-foe" title="Kyurem-Black">Kyurem</span> used <strong>Outrage</strong>!</div><div><small><span class="battle-nickname" title="Hypno">Hypno</span> lost 80% of its health!</small><br></div><div class="spacer"></div><div><small><span class="battle-nickname" title="Hypno">Hypno</span> restored a little HP using its Leftovers!</small></div><h2>Turn 7</h2><div class="spacer"></div><div><span class="battle-nickname" title="Hypno">Hypno</span> used <strong>Protect</strong>!</div><div><small><span class="battle-nickname" title="Hypno">Hypno</span> protected itself!</small></div><div class="spacer"></div><div>The opposing <span class="battle-nickname-foe" title="Kyurem-Black">Kyurem</span> is paralyzed! It can't move!</div><div class="spacer"></div><div><small>The opposing <span class="battle-nickname-foe" title="Kyurem-Black">Kyurem</span> became confused due to fatigue!</small></div><div><small>Hypno's wish came true!</small></div><div><small><span class="battle-nickname" title="Hypno">Hypno</span> restored a little HP using its Leftovers!</small></div><h2>Turn 8</h2><div class="spacer"></div><div><span class="battle-nickname" title="Hypno">Hypno</span> used <strong>Wish</strong>!</div><div><small>The opposing <span class="battle-nickname-foe" title="Kyurem-Black">Kyurem</span> is confused!</small></div><div class="spacer"></div><div>The opposing <span class="battle-nickname-foe" title="Kyurem-Black">Kyurem</span> used <strong>Ice Beam</strong>!</div><div><small><span class="battle-nickname" title="Hypno">Hypno</span> lost 29% of its health!</small><br></div><div class="spacer"></div><div><small><span class="battle-nickname" title="Hypno">Hypno</span> restored a little HP using its Leftovers!</small></div><h2>Turn 9</h2><div class="spacer"></div><div><span class="battle-nickname" title="Hypno">Hypno</span> used <strong>Protect</strong>!</div><div><small><span class="battle-nickname" title="Hypno">Hypno</span> protected itself!</small></div><div><small>The opposing <span class="battle-nickname-foe" title="Kyurem-Black">Kyurem</span> is confused!</small></div><div><small>It hurt itself in its confusion! </small></div><div class="spacer"></div><div><small>Hypno's wish came true!</small></div><div><small>The opposing <span class="battle-nickname-foe" title="Kyurem-Black">Kyurem</span> restored a little HP using its Leftovers!</small></div><h2>Turn 10</h2><div class="chat chatmessage-dxdhunter"><strong style="color:hsl(47,83%,31%);"><small>☆</small><span class="username" data-name="DxD_Hunter">DxD_Hunter</span>:</strong> <em>We have too much time on our hands</em></div><div class="spacer"></div><div><span class="battle-nickname" title="Hypno">Hypno</span>, come back!</div><div class="spacer"></div><div>Go! Skarmory!</div><div><small>The opposing <span class="battle-nickname-foe" title="Kyurem-Black">Kyurem</span> is confused!</small></div><div class="spacer"></div><div>The opposing <span class="battle-nickname-foe" title="Kyurem-Black">Kyurem</span> used <strong>Ice Beam</strong>!</div><div><small><span class="battle-nickname" title="Skarmory">Skarmory</span> lost 60% of its health!</small><br></div><div class="spacer"></div><div><small><span class="battle-nickname" title="Skarmory">Skarmory</span> restored a little HP using its Leftovers!</small></div><div><small>The opposing <span class="battle-nickname-foe" title="Kyurem-Black">Kyurem</span> restored a little HP using its Leftovers!</small></div><h2>Turn 11</h2><div class="spacer"></div><div><span class="battle-nickname" title="Skarmory">Skarmory</span> used <strong>Stealth Rock</strong>!</div><div><small>Pointed stones float in the air around the opposing team!</small></div><div><small>The opposing <span class="battle-nickname-foe" title="Kyurem-Black">Kyurem</span> is confused!</small></div><div class="spacer"></div><div>The opposing <span class="battle-nickname-foe" title="Kyurem-Black">Kyurem</span> used <strong>Ice Beam</strong>!</div><div><small><span class="battle-nickname" title="Skarmory">Skarmory</span> lost 46% of its health!</small><br></div><div class="spacer"></div><div><span class="battle-nickname" title="Skarmory">Skarmory</span> fainted!</div><div class="spacer"></div><div>Go! Kangaskhan!</div><h2>Turn 12</h2><div class="spacer"></div><div><small><span class="battle-nickname" title="Kangaskhan-Mega">Kangaskhan</span>'s Kangaskhanite is reacting to Minuit24's Mega Bracelet!<br><span class="battle-nickname" title="Kangaskhan-Mega">Kangaskhan</span> has Mega Evolved into Mega Kangaskhan!</small></div><div class="spacer"></div><div><span class="battle-nickname" title="Kangaskhan-Mega">Kangaskhan</span> used <strong>Power-Up Punch</strong>!</div><div><small>It's super effective! </small><small>The opposing <span class="battle-nickname-foe" title="Kyurem-Black">Kyurem</span> lost 17% of its health!</small><br></div><div><small><span class="battle-nickname" title="Kangaskhan-Mega">Kangaskhan</span>'s Attack rose! </small></div><div><small>It's super effective! </small><small>The opposing <span class="battle-nickname-foe" title="Kyurem-Black">Kyurem</span> lost 7% of its health!</small><br></div><div><small><span class="battle-nickname" title="Kangaskhan-Mega">Kangaskhan</span>'s Attack rose! </small></div><div><small>Hit 2 times!</small></div><div><small>The opposing <span class="battle-nickname-foe" title="Kyurem-Black">Kyurem</span> snapped out of confusion!</small></div><div class="spacer"></div><div>The opposing <span class="battle-nickname-foe" title="Kyurem-Black">Kyurem</span> used <strong>Fusion Bolt</strong>!</div><div><small><span class="battle-nickname" title="Kangaskhan-Mega">Kangaskhan</span> lost 33% of its health!</small><br></div><div class="spacer"></div><div><small>The opposing <span class="battle-nickname-foe" title="Kyurem-Black">Kyurem</span> restored a little HP using its Leftovers!</small></div><h2>Turn 13</h2><div class="spacer"></div><div><span class="battle-nickname" title="Kangaskhan-Mega">Kangaskhan</span> used <strong>Return</strong>!</div><div><small>The opposing <span class="battle-nickname-foe" title="Kyurem-Black">Kyurem</span> lost 59% of its health!</small><br></div><div><small>A critical hit! </small><small>The opposing <span class="battle-nickname-foe" title="Kyurem-Black">Kyurem</span> lost 23% of its health!</small><br></div><div><small>Hit 2 times!</small></div><div class="spacer"></div><div>The opposing <span class="battle-nickname-foe" title="Kyurem-Black">Kyurem</span> fainted!</div><div class="spacer"></div><div>DxD_Hunter sent out Lunala!</div><div><small>Pointed stones dug into the opposing <span class="battle-nickname-foe" title="Lunala">Lunala</span>!</small></div><h2>Turn 14</h2><div class="spacer"></div><div><span class="battle-nickname" title="Kangaskhan-Mega">Kangaskhan</span> used <strong>Crunch</strong>!</div><div><small>It's super effective! </small><small>The opposing <span class="battle-nickname-foe" title="Lunala">Lunala</span> lost 88% of its health!</small><br></div><div><small>Hit 1 time!</small></div><div class="spacer"></div><div>The opposing <span class="battle-nickname-foe" title="Lunala">Lunala</span> fainted!</div><div class="spacer"></div><div>DxD_Hunter sent out Nihilego!</div><div><small>Pointed stones dug into the opposing <span class="battle-nickname-foe" title="Nihilego">Nihilego</span>!</small></div><div><small>The opposing <span class="battle-nickname-foe" title="Nihilego">Nihilego</span> floats in the air with its Air Balloon!</small></div><h2>Turn 15</h2><div class="spacer"></div><div>The opposing <span class="battle-nickname-foe" title="Nihilego">Nihilego</span> used <strong>Toxic Spikes</strong>!</div><div><small>Poison spikes were scattered on the ground all around your team!</small></div><div class="spacer"></div><div><span class="battle-nickname" title="Kangaskhan-Mega">Kangaskhan</span> used <strong>Earthquake</strong>!</div><div><small>It doesn't affect the opposing <span class="battle-nickname-foe" title="Nihilego">Nihilego</span>... </small></div><h2>Turn 16</h2><div class="spacer"></div><div>The opposing <span class="battle-nickname-foe" title="Nihilego">Nihilego</span> used <strong>Sludge Wave</strong>!</div><div><small><span class="battle-nickname" title="Kangaskhan-Mega">Kangaskhan</span> lost 40% of its health!</small><br></div><div class="spacer"></div><div><span class="battle-nickname" title="Kangaskhan-Mega">Kangaskhan</span> used <strong>Power-Up Punch</strong>!</div><div><small>The opposing <span class="battle-nickname-foe" title="Nihilego">Nihilego</span> lost 30% of its health!</small><br></div><div><small>The opposing <span class="battle-nickname-foe" title="Nihilego">Nihilego</span>'s Air Balloon popped!</small></div><div><small><span class="battle-nickname" title="Kangaskhan-Mega">Kangaskhan</span>'s Attack rose! </small></div><div><small>The opposing <span class="battle-nickname-foe" title="Nihilego">Nihilego</span> lost 8% of its health!</small><br></div><div><small><span class="battle-nickname" title="Kangaskhan-Mega">Kangaskhan</span>'s Attack rose! </small></div><div><small>Hit 2 times!</small></div><h2>Turn 17</h2><div class="spacer"></div><div><span class="battle-nickname" title="Kangaskhan-Mega">Kangaskhan</span>, come back!</div><div class="spacer"></div><div>Go! Hypno!</div><div><small><span class="battle-nickname" title="Hypno">Hypno</span> was poisoned!</small></div><div class="spacer"></div><div>The opposing <span class="battle-nickname-foe" title="Nihilego">Nihilego</span> used <strong>Sludge Wave</strong>!</div><div><small><span class="battle-nickname" title="Hypno">Hypno</span> lost 32% of its health!</small><br></div><div class="spacer"></div><div><small><span class="battle-nickname" title="Hypno">Hypno</span> restored a little HP using its Leftovers!</small></div><div><small><span class="battle-nickname" title="Hypno">Hypno</span> was hurt by poison!</small></div><h2>Turn 18</h2><div class="spacer"></div><div>The opposing <span class="battle-nickname-foe" title="Nihilego">Nihilego</span> used <strong>Power Gem</strong>!</div><div><small><span class="battle-nickname" title="Hypno">Hypno</span> lost 28% of its health!</small><br></div><div class="spacer"></div><div><span class="battle-nickname" title="Hypno">Hypno</span> used <strong>Thunder Wave</strong>!</div><div><small>The opposing <span class="battle-nickname-foe" title="Nihilego">Nihilego</span> is paralyzed! It may be unable to move!</small></div><div class="spacer"></div><div><small><span class="battle-nickname" title="Hypno">Hypno</span> restored a little HP using its Leftovers!</small></div><div><small><span class="battle-nickname" title="Hypno">Hypno</span> was hurt by poison!</small></div><h2>Turn 19</h2><div class="spacer"></div><div><span class="battle-nickname" title="Hypno">Hypno</span> used <strong>Psychic</strong>!</div><div><small>It's super effective! </small><small>The opposing <span class="battle-nickname-foe" title="Nihilego">Nihilego</span> lost 41% of its health!</small><br></div><div class="spacer"></div><div>The opposing <span class="battle-nickname-foe" title="Nihilego">Nihilego</span> used <strong>Power Gem</strong>!</div><div><small><span class="battle-nickname" title="Hypno">Hypno</span> lost 28% of its health!</small><br></div><div class="spacer"></div><div><span class="battle-nickname" title="Hypno">Hypno</span> fainted!</div><div><small>[Opposing <span class="battle-nickname-foe" title="Nihilego">Nihilego</span>'s Beast Boost!]</small></div><div><small>The opposing <span class="battle-nickname-foe" title="Nihilego">Nihilego</span>'s Special Defense rose! </small></div><div class="spacer"></div><div>Go! <span class="battle-nickname" title="Kangaskhan-Mega">Kangaskhan <small>(Kangaskhan-Mega)</small></span>!</div><div><small><span class="battle-nickname" title="Kangaskhan-Mega">Kangaskhan</span> was poisoned!</small></div><h2>Turn 20</h2><div class="spacer"></div><div><span class="battle-nickname" title="Kangaskhan-Mega">Kangaskhan</span> used <strong>Power-Up Punch</strong>!</div><div><small>The opposing <span class="battle-nickname-foe" title="Nihilego">Nihilego</span> lost 8% of its health!</small><br></div><div><small><span class="battle-nickname" title="Kangaskhan-Mega">Kangaskhan</span>'s Attack rose! </small></div><div><small>Hit 1 time!</small></div><div class="spacer"></div><div>The opposing <span class="battle-nickname-foe" title="Nihilego">Nihilego</span> fainted!</div><div class="spacer"></div><div><small><span class="battle-nickname" title="Kangaskhan-Mega">Kangaskhan</span> was hurt by poison!</small></div><div class="spacer"></div><div>DxD_Hunter sent out Aerodactyl!</div><div><small>[Opposing <span class="battle-nickname-foe" title="Aerodactyl">Aerodactyl</span>'s Unnerve!]</small></div><div><small>Your team is too nervous to eat Berries!</small></div><div><small>Pointed stones dug into the opposing <span class="battle-nickname-foe" title="Aerodactyl">Aerodactyl</span>!</small></div><h2>Turn 21</h2><div class="spacer"></div><div><small>The opposing <span class="battle-nickname-foe" title="Aerodactyl-Mega">Aerodactyl</span>'s Aerodactylite is reacting to DxD_Hunter's Mega Bracelet!<br>The opposing <span class="battle-nickname-foe" title="Aerodactyl-Mega">Aerodactyl</span> has Mega Evolved into Mega Aerodactyl!</small></div><div class="spacer"></div><div>The opposing <span class="battle-nickname-foe" title="Aerodactyl-Mega">Aerodactyl</span> used <strong>Fire Fang</strong>!</div><div><small>A critical hit! </small><small><span class="battle-nickname" title="Kangaskhan-Mega">Kangaskhan</span> lost 15% of its health!</small><br></div><div class="spacer"></div><div><span class="battle-nickname" title="Kangaskhan-Mega">Kangaskhan</span> fainted!</div><div class="spacer"></div><div>Go! Feraligatr!</div><div><small><span class="battle-nickname" title="Feraligatr">Feraligatr</span> was poisoned!</small></div><h2>Turn 22</h2><div class="spacer"></div><div>DxD_Hunter withdrew <span class="battle-nickname-foe" title="Aerodactyl-Mega">Aerodactyl <small>(Aerodactyl-Mega)</small></span>!</div><div class="spacer"></div><div>DxD_Hunter sent out Rayquaza!</div><div><small>Pointed stones dug into the opposing <span class="battle-nickname-foe" title="Rayquaza">Rayquaza</span>!</small></div><div><small>[Opposing <span class="battle-nickname-foe" title="Rayquaza">Rayquaza</span>'s Air Lock!]</small></div><div><small>The effects of the weather disappeared.</small></div><div class="spacer"></div><div><span class="battle-nickname" title="Feraligatr">Feraligatr</span> used <strong>Waterfall</strong>!</div><div><small>It's not very effective... </small><small>The opposing <span class="battle-nickname-foe" title="Rayquaza">Rayquaza</span> lost 27% of its health!</small><br></div><div class="spacer"></div><div><small>The opposing <span class="battle-nickname-foe" title="Rayquaza">Rayquaza</span> restored a little HP using its Leftovers!</small></div><div><small><span class="battle-nickname" title="Feraligatr">Feraligatr</span> was hurt by poison!</small></div><h2>Turn 23</h2><div class="spacer"></div><div><span class="battle-nickname" title="Feraligatr">Feraligatr</span>, come back!</div><div class="spacer"></div><div>Go! Trevenant!</div><div><small><span class="battle-nickname" title="Trevenant">Trevenant</span> was poisoned!</small></div><div class="spacer"></div><div>The opposing <span class="battle-nickname-foe" title="Rayquaza">Rayquaza</span> used <strong>Dragon Claw</strong>!</div><div><small><span class="battle-nickname" title="Trevenant">Trevenant</span> lost 42% of its health!</small><br></div><div class="spacer"></div><div><small>The opposing <span class="battle-nickname-foe" title="Rayquaza">Rayquaza</span> restored a little HP using its Leftovers!</small></div><div><small><span class="battle-nickname" title="Trevenant">Trevenant</span> restored a little HP using its Leftovers!</small></div><div><small><span class="battle-nickname" title="Trevenant">Trevenant</span> was hurt by poison!</small></div><h2>Turn 24</h2><div class="spacer"></div><div>The opposing <span class="battle-nickname-foe" title="Rayquaza">Rayquaza</span> used <strong>V-create</strong>!</div><div><small>It's super effective! </small><small><span class="battle-nickname" title="Trevenant">Trevenant</span> lost 52% of its health!</small><br></div><div><small>The opposing <span class="battle-nickname-foe" title="Rayquaza">Rayquaza</span>'s Speed fell! The opposing <span class="battle-nickname-foe" title="Rayquaza">Rayquaza</span>'s Defense fell! The opposing <span class="battle-nickname-foe" title="Rayquaza">Rayquaza</span>'s Special Defense fell! </small></div><div class="spacer"></div><div><span class="battle-nickname" title="Trevenant">Trevenant</span> fainted!</div><div class="spacer"></div><div><small>The opposing <span class="battle-nickname-foe" title="Rayquaza">Rayquaza</span> restored a little HP using its Leftovers!</small></div><div class="spacer"></div><div>Go! Flygon!</div><h2>Turn 25</h2><div class="spacer"></div><div>DxD_Hunter withdrew Rayquaza!</div><div class="spacer"></div><div>DxD_Hunter sent out <span class="battle-nickname-foe" title="Aerodactyl-Mega">Aerodactyl <small>(Aerodactyl-Mega)</small></span>!</div><div><small>Pointed stones dug into the opposing <span class="battle-nickname-foe" title="Aerodactyl-Mega">Aerodactyl</span>!</small></div><div class="spacer"></div><div><span class="battle-nickname" title="Flygon">Flygon</span> used <strong>Outrage</strong>!</div><div><small>The opposing <span class="battle-nickname-foe" title="Aerodactyl-Mega">Aerodactyl</span> lost 51% of its health!</small><br></div><div><small><span class="battle-nickname" title="Flygon">Flygon</span> lost some of its HP!</small></div><div class="spacer"></div><div>The opposing <span class="battle-nickname-foe" title="Aerodactyl-Mega">Aerodactyl</span> fainted!</div><div class="spacer"></div><div>DxD_Hunter sent out Linoone!</div><div><small>Pointed stones dug into the opposing <span class="battle-nickname-foe" title="Linoone">Linoone</span>!</small></div><h2>Turn 26</h2><div class="spacer"></div><div>The opposing <span class="battle-nickname-foe" title="Linoone">Linoone</span> used <strong>Belly Drum</strong>!</div><div><small>The opposing <span class="battle-nickname-foe" title="Linoone">Linoone</span> lost 50% of its health!</small><br></div><div><small>The opposing <span class="battle-nickname-foe" title="Linoone">Linoone</span> cut its own HP and maximized its Attack!</small></div><div><small>The opposing <span class="battle-nickname-foe" title="Linoone">Linoone</span> ate its Mago Berry!</small></div><div><small>The opposing <span class="battle-nickname-foe" title="Linoone">Linoone</span> restored HP using its Mago Berry!</small></div><div class="spacer"></div><div><span class="battle-nickname" title="Flygon">Flygon</span> used <strong>Outrage</strong>!</div><div><small>The opposing <span class="battle-nickname-foe" title="Linoone">Linoone</span> lost 78% of its health!</small><br></div><div><small><span class="battle-nickname" title="Flygon">Flygon</span> lost some of its HP!</small></div><div><small><span class="battle-nickname" title="Flygon">Flygon</span> became confused due to fatigue!</small></div><h2>Turn 27</h2><div class="spacer"></div><div>The opposing <span class="battle-nickname-foe" title="Linoone">Linoone</span> used <strong>Extreme Speed</strong>!</div><div><small>A critical hit! </small><small><span class="battle-nickname" title="Flygon">Flygon</span> lost 81% of its health!</small><br></div><div class="spacer"></div><div><span class="battle-nickname" title="Flygon">Flygon</span> fainted!</div><div class="spacer"></div><div>Go! Feraligatr!</div><h2>Turn 28</h2><div class="spacer"></div><div>The opposing <span class="battle-nickname-foe" title="Linoone">Linoone</span> used <strong>Extreme Speed</strong>!</div><div><small><span class="battle-nickname" title="Feraligatr">Feraligatr</span> lost 88% of its health!</small><br></div><div class="spacer"></div><div><span class="battle-nickname" title="Feraligatr">Feraligatr</span> fainted!</div><div class="spacer"></div><div>DxD_Hunter won the battle!</div><div class="chat chatmessage-dxdhunter"><strong style="color:hsl(47,83%,31%);"><small>☆</small><span class="username" data-name="DxD_Hunter">DxD_Hunter</span>:</strong> <em>Gg</em></div><div class="chat chatmessage-dxdhunter"><strong style="color:hsl(47,83%,31%);"><small>☆</small><span class="username" data-name="DxD_Hunter">DxD_Hunter</span>:</strong> <em>it was fun</em></div><div class="chat">Minuit24's rating: 1457 → <strong>1431</strong><br>(-26 for losing)</div><div class="chat">DxD_Hunter's rating: 1352 → <strong>1378</strong><br>(+26 for winning)</div><div class="chat"><small>Minuit24 left.</small></div></div></div>
</div>
<script>
var daily = Math.floor(Date.now()/1000/60/60/24);document.write('<script src="https://play.pokemonshowdown.com/js/replay-embed.js?version'+daily+'"></'+'script>');
</script>
