<!DOCTYPE html>
<meta charset="utf-8" />
<!-- version 1 -->
<title>[Gen 7] Random Battle replay: nainonaino vs. oreoTHUNDER</title>
<style>
html,body {font-family:Verdana, sans-serif;font-size:10pt;margin:0;padding:0;}body{padding:12px 0;} .battle-log {font-family:Verdana, sans-serif;font-size:10pt;} .battle-log-inline {border:1px solid #AAAAAA;background:#EEF2F5;color:black;max-width:640px;margin:0 auto 80px;padding-bottom:5px;} .battle-log .inner {padding:4px 8px 0px 8px;} .battle-log .inner-preempt {padding:0 8px 4px 8px;} .battle-log .inner-after {margin-top:0.5em;} .battle-log h2 {margin:0.5em -8px;padding:4px 8px;border:1px solid #AAAAAA;background:#E0E7EA;border-left:0;border-right:0;font-family:Verdana, sans-serif;font-size:13pt;} .battle-log .chat {vertical-align:middle;padding:3px 0 3px 0;font-size:8pt;} .battle-log .chat strong {color:#40576A;} .battle-log .chat em {padding:1px 4px 1px 3px;color:#000000;font-style:normal;} .chat.mine {background:rgba(0,0,0,0.05);margin-left:-8px;margin-right:-8px;padding-left:8px;padding-right:8px;} .spoiler {color:#BBBBBB;background:#BBBBBB;padding:0px 3px;} .spoiler:hover, .spoiler:active, .spoiler-shown {color:#000000;background:#E2E2E2;padding:0px 3px;} .spoiler a {color:#BBBBBB;} .spoiler:hover a, .spoiler:active a, .spoiler-shown a {color:#2288CC;} .chat code, .chat .spoiler:hover code, .chat .spoiler:active code, .chat .spoiler-shown code {border:1px solid #C0C0C0;background:#EEEEEE;color:black;padding:0 2px;} .chat .spoiler code {border:1px solid #CCCCCC;background:#CCCCCC;color:#CCCCCC;} .battle-log .rated {padding:3px 4px;} .battle-log .rated strong {color:white;background:#89A;padding:1px 4px;border-radius:4px;} .spacer {margin-top:0.5em;} .message-announce {background:#6688AA;color:white;padding:1px 4px 2px;} .message-announce a, .broadcast-green a, .broadcast-blue a, .broadcast-red a {color:#DDEEFF;} .broadcast-green {background-color:#559955;color:white;padding:2px 4px;} .broadcast-blue {background-color:#6688AA;color:white;padding:2px 4px;} .infobox {border:1px solid #6688AA;padding:2px 4px;} .infobox-limited {max-height:200px;overflow:auto;overflow-x:hidden;} .broadcast-red {background-color:#AA5544;color:white;padding:2px 4px;} .message-learn-canlearn {font-weight:bold;color:#228822;text-decoration:underline;} .message-learn-cannotlearn {font-weight:bold;color:#CC2222;text-decoration:underline;} .message-effect-weak {font-weight:bold;color:#CC2222;} .message-effect-resist {font-weight:bold;color:#6688AA;} .message-effect-immune {font-weight:bold;color:#666666;} .message-learn-list {margin-top:0;margin-bottom:0;} .message-throttle-notice, .message-error {color:#992222;} .message-overflow, .chat small.message-overflow {font-size:0pt;} .message-overflow::before {font-size:9pt;content:'...';} .subtle {color:#3A4A66;}
</style>
<div class="wrapper replay-wrapper" style="max-width:1180px;margin:0 auto">
<input type="hidden" name="replayid" value="gen7randombattle-566894558" />
<div class="battle"></div><div class="battle-log"></div><div class="replay-controls"></div><div class="replay-controls-2"></div>
<h1 style="font-weight:normal;text-align:center"><strong>[Gen 7] Random Battle</strong><br /><a href="http://pokemonshowdown.com/users/nainonaino" class="subtle" target="_blank">nainonaino</a> vs. <a href="http://pokemonshowdown.com/users/oreothunder" class="subtle" target="_blank">oreoTHUNDER</a></h1>
<script type="text/plain" class="battle-log-data">|j|nainonaino
|j|oreoTHUNDER
|player|p1|nainonaino|240
|player|p2|oreoTHUNDER|2
|gametype|singles
|gen|7
|tier|[Gen 7] Random Battle
|rated
|seed|23785,18838,54313,16221,46382,17576,55837,45280,52614,6785,31672,48862
|rule|Sleep Clause Mod: Limit one foe put to sleep
|rule|HP Percentage Mod: HP is shown in percentages
|
|start
|switch|p1a: Cresselia|Cresselia, L79, F|100\/100
|switch|p2a: Togekiss|Togekiss, L77, M|100\/100
|turn|1
|choice|move calmmind|switch 6
|
|switch|p2a: Regirock|Regirock, L79|100\/100
|move|p1a: Cresselia|Calm Mind|p1a: Cresselia
|-boost|p1a: Cresselia|spa|1
|-boost|p1a: Cresselia|spd|1
|
|upkeep
|turn|2
|choice|move psyshock|move curse
|
|move|p1a: Cresselia|Psyshock|p2a: Regirock
|-damage|p2a: Regirock|81\/100
|move|p2a: Regirock|Curse|p2a: Regirock
|-unboost|p2a: Regirock|spe|1
|-boost|p2a: Regirock|atk|1
|-boost|p2a: Regirock|def|1
|
|upkeep
|turn|3
|choice|move moonblast|move stoneedge
|
|move|p1a: Cresselia|Moonblast|p2a: Regirock
|-damage|p2a: Regirock|53\/100
|move|p2a: Regirock|Stone Edge|p1a: Cresselia
|-damage|p1a: Cresselia|66\/100
|
|-heal|p1a: Cresselia|72\/100|[from] item: Leftovers
|upkeep
|turn|4
|choice|move icebeam|move rest
|
|move|p1a: Cresselia|Ice Beam|p2a: Regirock
|-damage|p2a: Regirock|25\/100
|move|p2a: Regirock|Rest|p2a: Regirock
|-status|p2a: Regirock|slp
|-heal|p2a: Regirock|100\/100 slp|[silent]
|-status|p2a: Regirock|slp|[from] move: Rest
|-enditem|p2a: Regirock|Chesto Berry|[eat]
|-curestatus|p2a: Regirock|slp|[msg]
|
|-heal|p1a: Cresselia|78\/100|[from] item: Leftovers
|upkeep
|turn|5
|choice|move moonblast|move curse
|
|move|p1a: Cresselia|Moonblast|p2a: Regirock
|-damage|p2a: Regirock|75\/100
|move|p2a: Regirock|Curse|p2a: Regirock
|-unboost|p2a: Regirock|spe|1
|-boost|p2a: Regirock|atk|1
|-boost|p2a: Regirock|def|1
|
|-heal|p1a: Cresselia|84\/100|[from] item: Leftovers
|upkeep
|turn|6
|choice|move calmmind|move drainpunch
|
|move|p1a: Cresselia|Calm Mind|p1a: Cresselia
|-boost|p1a: Cresselia|spa|1
|-boost|p1a: Cresselia|spd|1
|move|p2a: Regirock|Drain Punch|p1a: Cresselia
|-resisted|p1a: Cresselia
|-damage|p1a: Cresselia|71\/100
|-heal|p2a: Regirock|83\/100|[from] drain|[of] p1a: Cresselia
|
|-heal|p1a: Cresselia|77\/100|[from] item: Leftovers
|upkeep
|turn|7
|choice|move calmmind|move curse
|
|move|p1a: Cresselia|Calm Mind|p1a: Cresselia
|-boost|p1a: Cresselia|spa|1
|-boost|p1a: Cresselia|spd|1
|move|p2a: Regirock|Curse|p2a: Regirock
|-unboost|p2a: Regirock|spe|1
|-boost|p2a: Regirock|atk|1
|-boost|p2a: Regirock|def|1
|
|-heal|p1a: Cresselia|83\/100|[from] item: Leftovers
|upkeep
|turn|8
|choice|move calmmind|move stoneedge
|
|move|p1a: Cresselia|Calm Mind|p1a: Cresselia
|-boost|p1a: Cresselia|spa|1
|-boost|p1a: Cresselia|spd|1
|move|p2a: Regirock|Stone Edge|p1a: Cresselia
|-damage|p1a: Cresselia|25\/100
|
|-heal|p1a: Cresselia|31\/100|[from] item: Leftovers
|upkeep
|turn|9
|choice|move psyshock|move stoneedge
|
|move|p1a: Cresselia|Psyshock|p2a: Regirock
|-damage|p2a: Regirock|67\/100
|move|p2a: Regirock|Stone Edge|p1a: Cresselia
|-damage|p1a: Cresselia|0 fnt
|faint|p1a: Cresselia
|
|upkeep
|choice|switch 6|
|
|switch|p1a: Machamp|Machamp, L79, F, shiny|100\/100
|turn|10
|c|☆oreoTHUNDER|!data psyshock
|c|~|\/data-move Psyshock

|choice|move dynamicpunch|move drainpunch
|
|move|p1a: Machamp|Dynamic Punch|p2a: Regirock
|-supereffective|p2a: Regirock
|-damage|p2a: Regirock|45\/100
|-start|p2a: Regirock|confusion
|-activate|p2a: Regirock|confusion
|move|p2a: Regirock|Drain Punch|p1a: Machamp
|-damage|p1a: Machamp|48\/100
|-heal|p2a: Regirock|73\/100|[from] drain|[of] p1a: Machamp
|
|-heal|p1a: Machamp|54\/100|[from] item: Leftovers
|upkeep
|turn|11
|choice|move substitute|move drainpunch
|
|move|p1a: Machamp|Substitute|p1a: Machamp
|-start|p1a: Machamp|Substitute
|-damage|p1a: Machamp|29\/100
|-activate|p2a: Regirock|confusion
|move|p2a: Regirock|Drain Punch|p1a: Machamp
|-end|p1a: Machamp|Substitute
|-heal|p2a: Regirock|86\/100|[from] drain|[of] p1a: Machamp
|
|-heal|p1a: Machamp|35\/100|[from] item: Leftovers
|upkeep
|turn|12
|choice|move bulletpunch|move drainpunch
|
|move|p1a: Machamp|Bullet Punch|p2a: Regirock
|-supereffective|p2a: Regirock
|-damage|p2a: Regirock|80\/100
|-activate|p2a: Regirock|confusion
|move|p2a: Regirock|Drain Punch|p1a: Machamp
|-damage|p1a: Machamp|0 fnt
|-heal|p2a: Regirock|99\/100|[from] drain|[of] p1a: Machamp
|faint|p1a: Machamp
|
|upkeep
|choice|switch 5|
|
|switch|p1a: Dugtrio|Dugtrio, L75, M|100\/100
|turn|13
|c|☆oreoTHUNDER|regirock is a undercover boss lol
|choice|move suckerpunch|move drainpunch
|
|move|p1a: Dugtrio|Sucker Punch|p2a: Regirock
|-crit|p2a: Regirock
|-damage|p2a: Regirock|84\/100
|-end|p2a: Regirock|confusion
|move|p2a: Regirock|Drain Punch|p1a: Dugtrio
|-enditem|p1a: Dugtrio|Focus Sash
|-damage|p1a: Dugtrio|1\/100
|-heal|p2a: Regirock|100\/100|[from] drain|[of] p1a: Dugtrio
|
|upkeep
|turn|14
|choice|move reversal|move stoneedge
|
|move|p1a: Dugtrio|Reversal|p2a: Regirock
|-supereffective|p2a: Regirock
|-damage|p2a: Regirock|80\/100
|move|p2a: Regirock|Stone Edge|p1a: Dugtrio
|-resisted|p1a: Dugtrio
|-damage|p1a: Dugtrio|0 fnt
|faint|p1a: Dugtrio
|
|upkeep
|-message|nainonaino forfeited.
|
|win|oreoTHUNDER
|l|nainonaino
|raw|nainonaino's rating: 1242 &rarr; <strong>1222<\/strong><br \/>(-20 for losing)
|raw|oreoTHUNDER's rating: 1312 &rarr; <strong>1328<\/strong><br \/>(+16 for winning)</script>
</div>
<div class="battle-log battle-log-inline"><div class="inner"><div class="chat"><small>nainonaino joined.</small></div><div class="chat"><small>oreoTHUNDER joined.</small></div><div style="padding:5px 0"><small>Format:</small> <br><strong>[Gen 7] Random Battle</strong></div><div class="rated"><strong>Rated battle</strong></div><div><small><em>Sleep Clause Mod:</em> Limit one foe put to sleep</small></div><div><small><em>HP Percentage Mod:</em> HP is shown in percentages</small></div><div>Battle between nainonaino and oreoTHUNDER started!</div><div class="spacer"></div><div>Go! Cresselia!</div><div class="spacer"></div><div>oreoTHUNDER sent out Togekiss!</div><h2>Turn 1</h2><div class="spacer"></div><div>oreoTHUNDER withdrew Togekiss!</div><div class="spacer"></div><div>oreoTHUNDER sent out Regirock!</div><div class="spacer"></div><div><span class="battle-nickname" title="Cresselia">Cresselia</span> used <strong>Calm Mind</strong>!</div><div><small><span class="battle-nickname" title="Cresselia">Cresselia</span>'s Special Attack rose! <span class="battle-nickname" title="Cresselia">Cresselia</span>'s Special Defense rose! </small></div><h2>Turn 2</h2><div class="spacer"></div><div><span class="battle-nickname" title="Cresselia">Cresselia</span> used <strong>Psyshock</strong>!</div><div><small>The opposing <span class="battle-nickname-foe" title="Regirock">Regirock</span> lost 19% of its health!</small><br></div><div class="spacer"></div><div>The opposing <span class="battle-nickname-foe" title="Regirock">Regirock</span> used <strong>Curse</strong>!</div><div><small>The opposing <span class="battle-nickname-foe" title="Regirock">Regirock</span>'s Speed fell! </small></div><div><small>The opposing <span class="battle-nickname-foe" title="Regirock">Regirock</span>'s Attack rose! The opposing <span class="battle-nickname-foe" title="Regirock">Regirock</span>'s Defense rose! </small></div><h2>Turn 3</h2><div class="spacer"></div><div><span class="battle-nickname" title="Cresselia">Cresselia</span> used <strong>Moonblast</strong>!</div><div><small>The opposing <span class="battle-nickname-foe" title="Regirock">Regirock</span> lost 28% of its health!</small><br></div><div class="spacer"></div><div>The opposing <span class="battle-nickname-foe" title="Regirock">Regirock</span> used <strong>Stone Edge</strong>!</div><div><small><span class="battle-nickname" title="Cresselia">Cresselia</span> lost 34% of its health!</small><br></div><div class="spacer"></div><div><small><span class="battle-nickname" title="Cresselia">Cresselia</span> restored a little HP using its Leftovers!</small></div><h2>Turn 4</h2><div class="spacer"></div><div><span class="battle-nickname" title="Cresselia">Cresselia</span> used <strong>Ice Beam</strong>!</div><div><small>The opposing <span class="battle-nickname-foe" title="Regirock">Regirock</span> lost 28% of its health!</small><br></div><div class="spacer"></div><div>The opposing <span class="battle-nickname-foe" title="Regirock">Regirock</span> used <strong>Rest</strong>!</div><div><small>The opposing <span class="battle-nickname-foe" title="Regirock">Regirock</span> fell asleep!</small></div><div><small>The opposing <span class="battle-nickname-foe" title="Regirock">Regirock</span> slept and became healthy!</small></div><div><small>The opposing <span class="battle-nickname-foe" title="Regirock">Regirock</span> ate its Chesto Berry!</small></div><div><small>The opposing <span class="battle-nickname-foe" title="Regirock">Regirock</span> woke up!</small></div><div class="spacer"></div><div><small><span class="battle-nickname" title="Cresselia">Cresselia</span> restored a little HP using its Leftovers!</small></div><h2>Turn 5</h2><div class="spacer"></div><div><span class="battle-nickname" title="Cresselia">Cresselia</span> used <strong>Moonblast</strong>!</div><div><small>The opposing <span class="battle-nickname-foe" title="Regirock">Regirock</span> lost 25% of its health!</small><br></div><div class="spacer"></div><div>The opposing <span class="battle-nickname-foe" title="Regirock">Regirock</span> used <strong>Curse</strong>!</div><div><small>The opposing <span class="battle-nickname-foe" title="Regirock">Regirock</span>'s Speed fell! </small></div><div><small>The opposing <span class="battle-nickname-foe" title="Regirock">Regirock</span>'s Attack rose! The opposing <span class="battle-nickname-foe" title="Regirock">Regirock</span>'s Defense rose! </small></div><div class="spacer"></div><div><small><span class="battle-nickname" title="Cresselia">Cresselia</span> restored a little HP using its Leftovers!</small></div><h2>Turn 6</h2><div class="spacer"></div><div><span class="battle-nickname" title="Cresselia">Cresselia</span> used <strong>Calm Mind</strong>!</div><div><small><span class="battle-nickname" title="Cresselia">Cresselia</span>'s Special Attack rose! <span class="battle-nickname" title="Cresselia">Cresselia</span>'s Special Defense rose! </small></div><div class="spacer"></div><div>The opposing <span class="battle-nickname-foe" title="Regirock">Regirock</span> used <strong>Drain Punch</strong>!</div><div><small>It's not very effective... </small><small><span class="battle-nickname" title="Cresselia">Cresselia</span> lost 13% of its health!</small><br></div><div><small><span class="battle-nickname" title="Cresselia">Cresselia</span> had its energy drained!</small></div><div class="spacer"></div><div><small><span class="battle-nickname" title="Cresselia">Cresselia</span> restored a little HP using its Leftovers!</small></div><h2>Turn 7</h2><div class="spacer"></div><div><span class="battle-nickname" title="Cresselia">Cresselia</span> used <strong>Calm Mind</strong>!</div><div><small><span class="battle-nickname" title="Cresselia">Cresselia</span>'s Special Attack rose! <span class="battle-nickname" title="Cresselia">Cresselia</span>'s Special Defense rose! </small></div><div class="spacer"></div><div>The opposing <span class="battle-nickname-foe" title="Regirock">Regirock</span> used <strong>Curse</strong>!</div><div><small>The opposing <span class="battle-nickname-foe" title="Regirock">Regirock</span>'s Speed fell! </small></div><div><small>The opposing <span class="battle-nickname-foe" title="Regirock">Regirock</span>'s Attack rose! The opposing <span class="battle-nickname-foe" title="Regirock">Regirock</span>'s Defense rose! </small></div><div class="spacer"></div><div><small><span class="battle-nickname" title="Cresselia">Cresselia</span> restored a little HP using its Leftovers!</small></div><h2>Turn 8</h2><div class="spacer"></div><div><span class="battle-nickname" title="Cresselia">Cresselia</span> used <strong>Calm Mind</strong>!</div><div><small><span class="battle-nickname" title="Cresselia">Cresselia</span>'s Special Attack rose! <span class="battle-nickname" title="Cresselia">Cresselia</span>'s Special Defense rose! </small></div><div class="spacer"></div><div>The opposing <span class="battle-nickname-foe" title="Regirock">Regirock</span> used <strong>Stone Edge</strong>!</div><div><small><span class="battle-nickname" title="Cresselia">Cresselia</span> lost 58% of its health!</small><br></div><div class="spacer"></div><div><small><span class="battle-nickname" title="Cresselia">Cresselia</span> restored a little HP using its Leftovers!</small></div><h2>Turn 9</h2><div class="spacer"></div><div><span class="battle-nickname" title="Cresselia">Cresselia</span> used <strong>Psyshock</strong>!</div><div><small>The opposing <span class="battle-nickname-foe" title="Regirock">Regirock</span> lost 16% of its health!</small><br></div><div class="spacer"></div><div>The opposing <span class="battle-nickname-foe" title="Regirock">Regirock</span> used <strong>Stone Edge</strong>!</div><div><small><span class="battle-nickname" title="Cresselia">Cresselia</span> lost 31% of its health!</small><br></div><div class="spacer"></div><div><span class="battle-nickname" title="Cresselia">Cresselia</span> fainted!</div><div class="spacer"></div><div>Go! Machamp!</div><h2>Turn 10</h2><div class="chat chatmessage-oreothunder"><strong style="color:hsl(333,63.116915799999994%,52.116915799999994%);"><small>☆</small><span class="username" data-name="oreoTHUNDER">oreoTHUNDER</span>:</strong> <em>!data psyshock</em></div>[not supported in replays]<div class="spacer"></div><div><span class="battle-nickname" title="Machamp">Machamp</span> used <strong>Dynamic Punch</strong>!</div><div><small>It's super effective! </small><small>The opposing <span class="battle-nickname-foe" title="Regirock">Regirock</span> lost 22% of its health!</small><br></div><div><small>The opposing <span class="battle-nickname-foe" title="Regirock">Regirock</span> became confused!</small></div><div><small>The opposing <span class="battle-nickname-foe" title="Regirock">Regirock</span> is confused!</small></div><div class="spacer"></div><div>The opposing <span class="battle-nickname-foe" title="Regirock">Regirock</span> used <strong>Drain Punch</strong>!</div><div><small><span class="battle-nickname" title="Machamp">Machamp</span> lost 52% of its health!</small><br></div><div><small><span class="battle-nickname" title="Machamp">Machamp</span> had its energy drained!</small></div><div class="spacer"></div><div><small><span class="battle-nickname" title="Machamp">Machamp</span> restored a little HP using its Leftovers!</small></div><h2>Turn 11</h2><div class="spacer"></div><div><span class="battle-nickname" title="Machamp">Machamp</span> used <strong>Substitute</strong>!</div><div><small><span class="battle-nickname" title="Machamp">Machamp</span> put in a substitute!</small></div><div><small><span class="battle-nickname" title="Machamp">Machamp</span> lost 25% of its health!</small><br></div><div><small>The opposing <span class="battle-nickname-foe" title="Regirock">Regirock</span> is confused!</small></div><div class="spacer"></div><div>The opposing <span class="battle-nickname-foe" title="Regirock">Regirock</span> used <strong>Drain Punch</strong>!</div><div><small><span class="battle-nickname" title="Machamp">Machamp</span>'s substitute faded!</small></div><div><small><span class="battle-nickname" title="Machamp">Machamp</span> had its energy drained!</small></div><div class="spacer"></div><div><small><span class="battle-nickname" title="Machamp">Machamp</span> restored a little HP using its Leftovers!</small></div><h2>Turn 12</h2><div class="spacer"></div><div><span class="battle-nickname" title="Machamp">Machamp</span> used <strong>Bullet Punch</strong>!</div><div><small>It's super effective! </small><small>The opposing <span class="battle-nickname-foe" title="Regirock">Regirock</span> lost 6% of its health!</small><br></div><div><small>The opposing <span class="battle-nickname-foe" title="Regirock">Regirock</span> is confused!</small></div><div class="spacer"></div><div>The opposing <span class="battle-nickname-foe" title="Regirock">Regirock</span> used <strong>Drain Punch</strong>!</div><div><small><span class="battle-nickname" title="Machamp">Machamp</span> lost 35% of its health!</small><br></div><div><small><span class="battle-nickname" title="Machamp">Machamp</span> had its energy drained!</small></div><div class="spacer"></div><div><span class="battle-nickname" title="Machamp">Machamp</span> fainted!</div><div class="spacer"></div><div>Go! Dugtrio!</div><h2>Turn 13</h2><div class="chat chatmessage-oreothunder"><strong style="color:hsl(333,63.116915799999994%,52.116915799999994%);"><small>☆</small><span class="username" data-name="oreoTHUNDER">oreoTHUNDER</span>:</strong> <em>regirock is a undercover boss lol</em></div><div class="spacer"></div><div><span class="battle-nickname" title="Dugtrio">Dugtrio</span> used <strong>Sucker Punch</strong>!</div><div><small>A critical hit! </small><small>The opposing <span class="battle-nickname-foe" title="Regirock">Regirock</span> lost 15% of its health!</small><br></div><div><small>The opposing <span class="battle-nickname-foe" title="Regirock">Regirock</span> snapped out of confusion!</small></div><div class="spacer"></div><div>The opposing <span class="battle-nickname-foe" title="Regirock">Regirock</span> used <strong>Drain Punch</strong>!</div><div><small><span class="battle-nickname" title="Dugtrio">Dugtrio</span> hung on using its Focus Sash!</small></div><div><small><span class="battle-nickname" title="Dugtrio">Dugtrio</span> lost 99% of its health!</small><br></div><div><small><span class="battle-nickname" title="Dugtrio">Dugtrio</span> had its energy drained!</small></div><h2>Turn 14</h2><div class="spacer"></div><div><span class="battle-nickname" title="Dugtrio">Dugtrio</span> used <strong>Reversal</strong>!</div><div><small>It's super effective! </small><small>The opposing <span class="battle-nickname-foe" title="Regirock">Regirock</span> lost 20% of its health!</small><br></div><div class="spacer"></div><div>The opposing <span class="battle-nickname-foe" title="Regirock">Regirock</span> used <strong>Stone Edge</strong>!</div><div><small>It's not very effective... </small><small><span class="battle-nickname" title="Dugtrio">Dugtrio</span> lost 1% of its health!</small><br></div><div class="spacer"></div><div><span class="battle-nickname" title="Dugtrio">Dugtrio</span> fainted!</div><div class="spacer"></div><div><small>nainonaino forfeited.</small></div><div class="spacer"></div><div>oreoTHUNDER won the battle!</div><div class="chat"><small>nainonaino left.</small></div><div class="chat">nainonaino's rating: 1242 → <strong>1222</strong><br>(-20 for losing)</div><div class="chat">oreoTHUNDER's rating: 1312 → <strong>1328</strong><br>(+16 for winning)</div></div></div>
</div>
<script>
var daily = Math.floor(Date.now()/1000/60/60/24);document.write('<script src="https://play.pokemonshowdown.com/js/replay-embed.js?version'+daily+'"></'+'script>');
</script>
