<!DOCTYPE html>
<meta charset="utf-8" />
<!-- version 1 -->
<title>[Gen 7] Random Battle replay: kingofdukes92 vs. MisterMer2</title>
<style>
html,body {font-family:Verdana, sans-serif;font-size:10pt;margin:0;padding:0;}body{padding:12px 0;} .battle-log {font-family:Verdana, sans-serif;font-size:10pt;} .battle-log-inline {border:1px solid #AAAAAA;background:#EEF2F5;color:black;max-width:640px;margin:0 auto 80px;padding-bottom:5px;} .battle-log .inner {padding:4px 8px 0px 8px;} .battle-log .inner-preempt {padding:0 8px 4px 8px;} .battle-log .inner-after {margin-top:0.5em;} .battle-log h2 {margin:0.5em -8px;padding:4px 8px;border:1px solid #AAAAAA;background:#E0E7EA;border-left:0;border-right:0;font-family:Verdana, sans-serif;font-size:13pt;} .battle-log .chat {vertical-align:middle;padding:3px 0 3px 0;font-size:8pt;} .battle-log .chat strong {color:#40576A;} .battle-log .chat em {padding:1px 4px 1px 3px;color:#000000;font-style:normal;} .chat.mine {background:rgba(0,0,0,0.05);margin-left:-8px;margin-right:-8px;padding-left:8px;padding-right:8px;} .spoiler {color:#BBBBBB;background:#BBBBBB;padding:0px 3px;} .spoiler:hover, .spoiler:active, .spoiler-shown {color:#000000;background:#E2E2E2;padding:0px 3px;} .spoiler a {color:#BBBBBB;} .spoiler:hover a, .spoiler:active a, .spoiler-shown a {color:#2288CC;} .chat code, .chat .spoiler:hover code, .chat .spoiler:active code, .chat .spoiler-shown code {border:1px solid #C0C0C0;background:#EEEEEE;color:black;padding:0 2px;} .chat .spoiler code {border:1px solid #CCCCCC;background:#CCCCCC;color:#CCCCCC;} .battle-log .rated {padding:3px 4px;} .battle-log .rated strong {color:white;background:#89A;padding:1px 4px;border-radius:4px;} .spacer {margin-top:0.5em;} .message-announce {background:#6688AA;color:white;padding:1px 4px 2px;} .message-announce a, .broadcast-green a, .broadcast-blue a, .broadcast-red a {color:#DDEEFF;} .broadcast-green {background-color:#559955;color:white;padding:2px 4px;} .broadcast-blue {background-color:#6688AA;color:white;padding:2px 4px;} .infobox {border:1px solid #6688AA;padding:2px 4px;} .infobox-limited {max-height:200px;overflow:auto;overflow-x:hidden;} .broadcast-red {background-color:#AA5544;color:white;padding:2px 4px;} .message-learn-canlearn {font-weight:bold;color:#228822;text-decoration:underline;} .message-learn-cannotlearn {font-weight:bold;color:#CC2222;text-decoration:underline;} .message-effect-weak {font-weight:bold;color:#CC2222;} .message-effect-resist {font-weight:bold;color:#6688AA;} .message-effect-immune {font-weight:bold;color:#666666;} .message-learn-list {margin-top:0;margin-bottom:0;} .message-throttle-notice, .message-error {color:#992222;} .message-overflow, .chat small.message-overflow {font-size:0pt;} .message-overflow::before {font-size:9pt;content:'...';} .subtle {color:#3A4A66;}
</style>
<div class="wrapper replay-wrapper" style="max-width:1180px;margin:0 auto">
<input type="hidden" name="replayid" value="gen7randombattle-566959233" />
<div class="battle"></div><div class="battle-log"></div><div class="replay-controls"></div><div class="replay-controls-2"></div>
<h1 style="font-weight:normal;text-align:center"><strong>[Gen 7] Random Battle</strong><br /><a href="http://pokemonshowdown.com/users/kingofdukes92" class="subtle" target="_blank">kingofdukes92</a> vs. <a href="http://pokemonshowdown.com/users/mistermer2" class="subtle" target="_blank">MisterMer2</a></h1>
<script type="text/plain" class="battle-log-data">|j|kingofdukes92
|j|MisterMer2
|player|p1|kingofdukes92|25
|player|p2|MisterMer2|165
|gametype|singles
|gen|7
|tier|[Gen 7] Random Battle
|rated
|seed|35020,1381,25849,16367,486,20487,56640,44780,37639,23703,31449,4168
|rule|Sleep Clause Mod: Limit one foe put to sleep
|rule|HP Percentage Mod: HP is shown in percentages
|
|start
|switch|p1a: Carnivine|Carnivine, L79, F|100\/100
|switch|p2a: Magmortar|Magmortar, L79, F|100\/100
|turn|1
|choice|switch 5|move fireblast
|
|switch|p1a: Palkia|Palkia, L73|100\/100
|-ability|p1a: Palkia|Pressure
|move|p2a: Magmortar|Fire Blast|p1a: Palkia
|-resisted|p1a: Palkia
|-damage|p1a: Palkia|85\/100
|
|upkeep
|turn|2
|choice|move hydropump|switch 5
|
|switch|p2a: Togekiss|Togekiss, L75, F|100\/100
|move|p1a: Palkia|Hydro Pump|p2a: Togekiss
|-damage|p2a: Togekiss|49\/100
|
|-heal|p2a: Togekiss|55\/100|[from] item: Leftovers
|upkeep
|turn|3
|choice|switch 3|move nastyplot
|
|switch|p1a: Miltank|Miltank, L79, F|100\/100
|move|p2a: Togekiss|Nasty Plot|p2a: Togekiss
|-boost|p2a: Togekiss|spa|2
|
|-heal|p2a: Togekiss|61\/100|[from] item: Leftovers
|upkeep
|turn|4
|inactive|Battle timer is ON: inactive players will automatically lose when time's up. (requested by MisterMer2)
|choice|move toxic|move nastyplot
|
|move|p1a: Miltank|Toxic|p2a: Togekiss
|-status|p2a: Togekiss|tox
|move|p2a: Togekiss|Nasty Plot|p2a: Togekiss
|-boost|p2a: Togekiss|spa|2
|
|-heal|p2a: Togekiss|67\/100 tox|[from] item: Leftovers
|-damage|p2a: Togekiss|61\/100 tox|[from] psn
|upkeep
|turn|5
|choice|move stealthrock|move batonpass
|
|move|p1a: Miltank|Stealth Rock|p2a: Togekiss
|-sidestart|p2: MisterMer2|move: Stealth Rock
|move|p2a: Togekiss|Baton Pass|p2a: Togekiss
|choice||switch 2
|
|switch|p2a: Ampharos|Ampharos, L75, F|100\/100
|-damage|p2a: Ampharos|88\/100|[from] Stealth Rock
|
|upkeep
|turn|6
|c|☆kingofdukes92|clever
|choice|move toxic|move dragonpulse mega
|
|detailschange|p2a: Ampharos|Ampharos-Mega, L75, F
|-mega|p2a: Ampharos|Ampharos|Ampharosite
|-ability|p2a: Ampharos|Mold Breaker
|move|p1a: Miltank|Toxic|p2a: Ampharos
|-status|p2a: Ampharos|tox
|move|p2a: Ampharos|Dragon Pulse|p1a: Miltank
|-damage|p1a: Miltank|0 fnt
|faint|p1a: Miltank
|
|-damage|p2a: Ampharos|82\/100 tox|[from] psn
|upkeep
|choice|switch 3|
|
|switch|p1a: Palkia|Palkia, L73|85\/100
|-ability|p1a: Palkia|Pressure
|turn|7
|choice|move dragontail|move dragonpulse
|
|move|p2a: Ampharos|Dragon Pulse|p1a: Palkia
|-supereffective|p1a: Palkia
|-damage|p1a: Palkia|0 fnt
|faint|p1a: Palkia
|
|-damage|p2a: Ampharos|70\/100 tox|[from] psn
|upkeep
|choice|switch 5|
|
|switch|p1a: Carnivine|Carnivine, L79, F|100\/100
|turn|8
|choice|move substitute|move healbell
|
|move|p1a: Carnivine|Substitute|p1a: Carnivine
|-start|p1a: Carnivine|Substitute
|-damage|p1a: Carnivine|76\/100
|move|p2a: Ampharos|Heal Bell|p2a: Ampharos
|-activate|p2a: Ampharos|move: Heal Bell
|-curestatus|p2a: Ampharos|tox|[msg]
|-curestatus|p2: Togekiss|tox|[msg]
|
|-heal|p1a: Carnivine|82\/100|[from] item: Leftovers
|upkeep
|turn|9
|choice|move swordsdance|move dragonpulse
|
|move|p1a: Carnivine|Swords Dance|p1a: Carnivine
|-boost|p1a: Carnivine|atk|2
|move|p2a: Ampharos|Dragon Pulse|p1a: Carnivine
|-end|p1a: Carnivine|Substitute
|
|-heal|p1a: Carnivine|88\/100|[from] item: Leftovers
|upkeep
|turn|10
|choice|move powerwhip|move dragonpulse
|
|move|p1a: Carnivine|Power Whip|p2a: Ampharos
|-resisted|p2a: Ampharos
|-damage|p2a: Ampharos|26\/100
|move|p2a: Ampharos|Dragon Pulse|p1a: Carnivine
|-damage|p1a: Carnivine|0 fnt
|faint|p1a: Carnivine
|
|upkeep
|choice|switch 2|
|
|switch|p1a: Huntail|Huntail, L79, F|100\/100
|turn|11
|choice|move suckerpunch|move dragonpulse
|
|move|p1a: Huntail|Sucker Punch|p2a: Ampharos
|-damage|p2a: Ampharos|9\/100
|move|p2a: Ampharos|Dragon Pulse|p1a: Huntail
|-damage|p1a: Huntail|0 fnt
|faint|p1a: Huntail
|
|upkeep
|c|☆kingofdukes92|gg
|choice|switch 4|
|
|switch|p1a: Accelgor|Accelgor, L79, F|100\/100
|turn|12
|choice|move bugbuzz|move dragonpulse
|
|move|p1a: Accelgor|Bug Buzz|p2a: Ampharos
|-damage|p2a: Ampharos|0 fnt
|faint|p2a: Ampharos
|
|upkeep
|choice||switch 2
|
|switch|p2a: Togekiss|Togekiss, L75, F|61\/100
|-damage|p2a: Togekiss|36\/100|[from] Stealth Rock
|turn|13
|choice|move yawn|move airslash
|
|move|p1a: Accelgor|Yawn|p2a: Togekiss
|-start|p2a: Togekiss|move: Yawn|[of] p1a: Accelgor
|move|p2a: Togekiss|Air Slash|p1a: Accelgor
|-supereffective|p1a: Accelgor
|-crit|p1a: Accelgor
|-damage|p1a: Accelgor|0 fnt
|faint|p1a: Accelgor
|
|-heal|p2a: Togekiss|42\/100|[from] item: Leftovers
|upkeep
|choice|switch 6|
|
|switch|p1a: Volcarona|Volcarona, L75, M|100\/100
|turn|14
|choice|move quiverdance|switch 5
|
|switch|p2a: Magmortar|Magmortar, L79, F|100\/100
|-damage|p2a: Magmortar|76\/100|[from] Stealth Rock
|move|p1a: Volcarona|Quiver Dance|p1a: Volcarona
|-boost|p1a: Volcarona|spa|1
|-boost|p1a: Volcarona|spd|1
|-boost|p1a: Volcarona|spe|1
|
|upkeep
|turn|15
|choice|move quiverdance|move thunderbolt
|
|move|p1a: Volcarona|Quiver Dance|p1a: Volcarona
|-boost|p1a: Volcarona|spa|1
|-boost|p1a: Volcarona|spd|1
|-boost|p1a: Volcarona|spe|1
|move|p2a: Magmortar|Thunderbolt|p1a: Volcarona
|-damage|p1a: Volcarona|82\/100
|
|-heal|p1a: Volcarona|88\/100|[from] item: Leftovers
|upkeep
|turn|16
|choice|move fierydance|switch 5
|
|switch|p2a: Togekiss|Togekiss, L75, F|42\/100
|-damage|p2a: Togekiss|18\/100|[from] Stealth Rock
|move|p1a: Volcarona|Fiery Dance|p2a: Togekiss
|-damage|p2a: Togekiss|0 fnt
|faint|p2a: Togekiss
|
|-heal|p1a: Volcarona|94\/100|[from] item: Leftovers
|upkeep
|choice||switch 5
|
|switch|p2a: Magmortar|Magmortar, L79, F|76\/100
|-damage|p2a: Magmortar|51\/100|[from] Stealth Rock
|turn|17
|choice|move fierydance|move thunderbolt
|
|move|p1a: Volcarona|Fiery Dance|p2a: Magmortar
|-resisted|p2a: Magmortar
|-damage|p2a: Magmortar|16\/100
|-boost|p1a: Volcarona|spa|1
|move|p2a: Magmortar|Thunderbolt|p1a: Volcarona
|-damage|p1a: Volcarona|73\/100
|
|-heal|p1a: Volcarona|79\/100|[from] item: Leftovers
|upkeep
|turn|18
|choice|move fierydance|move thunderbolt
|
|move|p1a: Volcarona|Fiery Dance|p2a: Magmortar
|-resisted|p2a: Magmortar
|-damage|p2a: Magmortar|0 fnt
|faint|p2a: Magmortar
|
|-heal|p1a: Volcarona|85\/100|[from] item: Leftovers
|upkeep
|choice||switch 3
|
|switch|p2a: Cacturne|Cacturne, L79, F|100\/100
|-damage|p2a: Cacturne|88\/100|[from] Stealth Rock
|turn|19
|choice|move fierydance|move drainpunch
|
|move|p1a: Volcarona|Fiery Dance|p2a: Cacturne
|-supereffective|p2a: Cacturne
|-damage|p2a: Cacturne|0 fnt
|faint|p2a: Cacturne
|
|-heal|p1a: Volcarona|91\/100|[from] item: Leftovers
|upkeep
|choice||switch 4
|
|switch|p2a: Poliwrath|Poliwrath, L79, M|100\/100
|-damage|p2a: Poliwrath|94\/100|[from] Stealth Rock
|turn|20
|choice|move gigadrain|move scald
|
|move|p1a: Volcarona|Giga Drain|p2a: Poliwrath
|-supereffective|p2a: Poliwrath
|-damage|p2a: Poliwrath|0 fnt
|-heal|p1a: Volcarona|100\/100|[from] drain|[of] p2a: Poliwrath
|faint|p2a: Poliwrath
|
|upkeep
|choice||switch 6
|
|switch|p2a: Ninjask|Ninjask, L75, M|100\/100
|-damage|p2a: Ninjask|51\/100|[from] Stealth Rock
|turn|21
|choice|move fierydance|move protect
|
|move|p2a: Ninjask|Protect|p2a: Ninjask
|-singleturn|p2a: Ninjask|Protect
|move|p1a: Volcarona|Fiery Dance|p2a: Ninjask
|-activate|p2a: Ninjask|move: Protect
|
|-heal|p2a: Ninjask|57\/100|[from] item: Leftovers
|-ability|p2a: Ninjask|Speed Boost|boost
|-boost|p2a: Ninjask|spe|1
|upkeep
|turn|22
|choice|move fierydance|move substitute
|
|move|p2a: Ninjask|Substitute|p2a: Ninjask
|-start|p2a: Ninjask|Substitute
|-damage|p2a: Ninjask|32\/100
|move|p1a: Volcarona|Fiery Dance|p2a: Ninjask
|-supereffective|p2a: Ninjask
|-end|p2a: Ninjask|Substitute
|
|-heal|p2a: Ninjask|38\/100|[from] item: Leftovers
|-ability|p2a: Ninjask|Speed Boost|boost
|-boost|p2a: Ninjask|spe|1
|upkeep
|turn|23
|choice|move fierydance|move leechlife
|
|move|p2a: Ninjask|Leech Life|p1a: Volcarona
|-resisted|p1a: Volcarona
|-damage|p1a: Volcarona|83\/100
|-heal|p2a: Ninjask|48\/100|[from] drain|[of] p1a: Volcarona
|move|p1a: Volcarona|Fiery Dance|p2a: Ninjask
|-supereffective|p2a: Ninjask
|-damage|p2a: Ninjask|0 fnt
|-boost|p1a: Volcarona|spa|1
|faint|p2a: Ninjask
|
|win|kingofdukes92
|l|MisterMer2
|raw|kingofdukes92's rating: 1377 &rarr; <strong>1394<\/strong><br \/>(+17 for winning)
|raw|MisterMer2's rating: 1324 &rarr; <strong>1307<\/strong><br \/>(-17 for losing)
|c|☆kingofdukes92|holy fuck
|c|☆kingofdukes92|gg</script>
</div>
<div class="battle-log battle-log-inline"><div class="inner"><div class="chat"><small>kingofdukes92 joined.</small></div><div class="chat"><small>MisterMer2 joined.</small></div><div style="padding:5px 0"><small>Format:</small> <br><strong>[Gen 7] Random Battle</strong></div><div class="rated"><strong>Rated battle</strong></div><div><small><em>Sleep Clause Mod:</em> Limit one foe put to sleep</small></div><div><small><em>HP Percentage Mod:</em> HP is shown in percentages</small></div><div>Battle between kingofdukes92 and MisterMer2 started!</div><div class="spacer"></div><div>Go! Carnivine!</div><div class="spacer"></div><div>MisterMer2 sent out Magmortar!</div><h2>Turn 1</h2><div class="spacer"></div><div><span class="battle-nickname" title="Carnivine">Carnivine</span>, come back!</div><div class="spacer"></div><div>Go! Palkia!</div><div><small>[<span class="battle-nickname" title="Palkia">Palkia</span>'s Pressure!]</small></div><div><small><span class="battle-nickname" title="Palkia">Palkia</span> is exerting its pressure!</small></div><div class="spacer"></div><div>The opposing <span class="battle-nickname-foe" title="Magmortar">Magmortar</span> used <strong>Fire Blast</strong>!</div><div><small>It's not very effective... </small><small><span class="battle-nickname" title="Palkia">Palkia</span> lost 15% of its health!</small><br></div><h2>Turn 2</h2><div class="spacer"></div><div>MisterMer2 withdrew Magmortar!</div><div class="spacer"></div><div>MisterMer2 sent out Togekiss!</div><div class="spacer"></div><div><span class="battle-nickname" title="Palkia">Palkia</span> used <strong>Hydro Pump</strong>!</div><div><small>The opposing <span class="battle-nickname-foe" title="Togekiss">Togekiss</span> lost 51% of its health!</small><br></div><div class="spacer"></div><div><small>The opposing <span class="battle-nickname-foe" title="Togekiss">Togekiss</span> restored a little HP using its Leftovers!</small></div><h2>Turn 3</h2><div class="spacer"></div><div><span class="battle-nickname" title="Palkia">Palkia</span>, come back!</div><div class="spacer"></div><div>Go! Miltank!</div><div class="spacer"></div><div>The opposing <span class="battle-nickname-foe" title="Togekiss">Togekiss</span> used <strong>Nasty Plot</strong>!</div><div><small>The opposing <span class="battle-nickname-foe" title="Togekiss">Togekiss</span>'s Special Attack rose sharply! </small></div><div class="spacer"></div><div><small>The opposing <span class="battle-nickname-foe" title="Togekiss">Togekiss</span> restored a little HP using its Leftovers!</small></div><h2>Turn 4</h2><div class="chat message-error">Battle timer is ON: inactive players will automatically lose when time's up. (requested by MisterMer2)</div><div class="spacer"></div><div><span class="battle-nickname" title="Miltank">Miltank</span> used <strong>Toxic</strong>!</div><div><small>The opposing <span class="battle-nickname-foe" title="Togekiss">Togekiss</span> was badly poisoned!</small></div><div class="spacer"></div><div>The opposing <span class="battle-nickname-foe" title="Togekiss">Togekiss</span> used <strong>Nasty Plot</strong>!</div><div><small>The opposing <span class="battle-nickname-foe" title="Togekiss">Togekiss</span>'s Special Attack rose sharply! </small></div><div class="spacer"></div><div><small>The opposing <span class="battle-nickname-foe" title="Togekiss">Togekiss</span> restored a little HP using its Leftovers!</small></div><div><small>The opposing <span class="battle-nickname-foe" title="Togekiss">Togekiss</span> was hurt by poison!</small></div><h2>Turn 5</h2><div class="spacer"></div><div><span class="battle-nickname" title="Miltank">Miltank</span> used <strong>Stealth Rock</strong>!</div><div><small>Pointed stones float in the air around the opposing team!</small></div><div class="spacer"></div><div>The opposing <span class="battle-nickname-foe" title="Togekiss">Togekiss</span> used <strong>Baton Pass</strong>!</div><div class="spacer"></div><div>MisterMer2 sent out Ampharos!</div><div><small>Pointed stones dug into the opposing <span class="battle-nickname-foe" title="Ampharos">Ampharos</span>!</small></div><h2>Turn 6</h2><div class="chat chatmessage-kingofdukes92"><strong style="color:hsl(257,79.409052%,61.818104%);"><small>☆</small><span class="username" data-name="kingofdukes92">kingofdukes92</span>:</strong> <em>clever</em></div><div class="spacer"></div><div><small>The opposing <span class="battle-nickname-foe" title="Ampharos-Mega">Ampharos</span>'s Ampharosite is reacting to MisterMer2's Mega Bracelet!<br>The opposing <span class="battle-nickname-foe" title="Ampharos-Mega">Ampharos</span> has Mega Evolved into Mega Ampharos!</small></div><div><small>[Opposing <span class="battle-nickname-foe" title="Ampharos-Mega">Ampharos</span>'s Mold Breaker!]</small></div><div><small>The opposing <span class="battle-nickname-foe" title="Ampharos-Mega">Ampharos</span> breaks the mold!</small></div><div class="spacer"></div><div><span class="battle-nickname" title="Miltank">Miltank</span> used <strong>Toxic</strong>!</div><div><small>The opposing <span class="battle-nickname-foe" title="Ampharos-Mega">Ampharos</span> was badly poisoned!</small></div><div class="spacer"></div><div>The opposing <span class="battle-nickname-foe" title="Ampharos-Mega">Ampharos</span> used <strong>Dragon Pulse</strong>!</div><div><small><span class="battle-nickname" title="Miltank">Miltank</span> lost 100% of its health!</small><br></div><div class="spacer"></div><div><span class="battle-nickname" title="Miltank">Miltank</span> fainted!</div><div class="spacer"></div><div><small>The opposing <span class="battle-nickname-foe" title="Ampharos-Mega">Ampharos</span> was hurt by poison!</small></div><div class="spacer"></div><div>Go! Palkia!</div><div><small>[<span class="battle-nickname" title="Palkia">Palkia</span>'s Pressure!]</small></div><div><small><span class="battle-nickname" title="Palkia">Palkia</span> is exerting its pressure!</small></div><h2>Turn 7</h2><div class="spacer"></div><div>The opposing <span class="battle-nickname-foe" title="Ampharos-Mega">Ampharos</span> used <strong>Dragon Pulse</strong>!</div><div><small>It's super effective! </small><small><span class="battle-nickname" title="Palkia">Palkia</span> lost 85% of its health!</small><br></div><div class="spacer"></div><div><span class="battle-nickname" title="Palkia">Palkia</span> fainted!</div><div class="spacer"></div><div><small>The opposing <span class="battle-nickname-foe" title="Ampharos-Mega">Ampharos</span> was hurt by poison!</small></div><div class="spacer"></div><div>Go! Carnivine!</div><h2>Turn 8</h2><div class="spacer"></div><div><span class="battle-nickname" title="Carnivine">Carnivine</span> used <strong>Substitute</strong>!</div><div><small><span class="battle-nickname" title="Carnivine">Carnivine</span> put in a substitute!</small></div><div><small><span class="battle-nickname" title="Carnivine">Carnivine</span> lost 24% of its health!</small><br></div><div class="spacer"></div><div>The opposing <span class="battle-nickname-foe" title="Ampharos-Mega">Ampharos</span> used <strong>Heal Bell</strong>!</div><div><small>A bell chimed!</small></div><div><small>The opposing <span class="battle-nickname-foe" title="Ampharos-Mega">Ampharos</span> was cured of its poisoning.</small></div><div><small>The opposing <span class="battle-nickname-foe" title="Togekiss">Togekiss</span> was cured of its poisoning.</small></div><div class="spacer"></div><div><small><span class="battle-nickname" title="Carnivine">Carnivine</span> restored a little HP using its Leftovers!</small></div><h2>Turn 9</h2><div class="spacer"></div><div><span class="battle-nickname" title="Carnivine">Carnivine</span> used <strong>Swords Dance</strong>!</div><div><small><span class="battle-nickname" title="Carnivine">Carnivine</span>'s Attack rose sharply! </small></div><div class="spacer"></div><div>The opposing <span class="battle-nickname-foe" title="Ampharos-Mega">Ampharos</span> used <strong>Dragon Pulse</strong>!</div><div><small><span class="battle-nickname" title="Carnivine">Carnivine</span>'s substitute faded!</small></div><div class="spacer"></div><div><small><span class="battle-nickname" title="Carnivine">Carnivine</span> restored a little HP using its Leftovers!</small></div><h2>Turn 10</h2><div class="spacer"></div><div><span class="battle-nickname" title="Carnivine">Carnivine</span> used <strong>Power Whip</strong>!</div><div><small>It's not very effective... </small><small>The opposing <span class="battle-nickname-foe" title="Ampharos-Mega">Ampharos</span> lost 44% of its health!</small><br></div><div class="spacer"></div><div>The opposing <span class="battle-nickname-foe" title="Ampharos-Mega">Ampharos</span> used <strong>Dragon Pulse</strong>!</div><div><small><span class="battle-nickname" title="Carnivine">Carnivine</span> lost 88% of its health!</small><br></div><div class="spacer"></div><div><span class="battle-nickname" title="Carnivine">Carnivine</span> fainted!</div><div class="spacer"></div><div>Go! Huntail!</div><h2>Turn 11</h2><div class="spacer"></div><div><span class="battle-nickname" title="Huntail">Huntail</span> used <strong>Sucker Punch</strong>!</div><div><small>The opposing <span class="battle-nickname-foe" title="Ampharos-Mega">Ampharos</span> lost 17% of its health!</small><br></div><div class="spacer"></div><div>The opposing <span class="battle-nickname-foe" title="Ampharos-Mega">Ampharos</span> used <strong>Dragon Pulse</strong>!</div><div><small><span class="battle-nickname" title="Huntail">Huntail</span> lost 100% of its health!</small><br></div><div class="spacer"></div><div><span class="battle-nickname" title="Huntail">Huntail</span> fainted!</div><div class="chat chatmessage-kingofdukes92"><strong style="color:hsl(257,79.409052%,61.818104%);"><small>☆</small><span class="username" data-name="kingofdukes92">kingofdukes92</span>:</strong> <em>gg</em></div><div class="spacer"></div><div>Go! Accelgor!</div><h2>Turn 12</h2><div class="spacer"></div><div><span class="battle-nickname" title="Accelgor">Accelgor</span> used <strong>Bug Buzz</strong>!</div><div><small>The opposing <span class="battle-nickname-foe" title="Ampharos-Mega">Ampharos</span> lost 9% of its health!</small><br></div><div class="spacer"></div><div>The opposing <span class="battle-nickname-foe" title="Ampharos-Mega">Ampharos</span> fainted!</div><div class="spacer"></div><div>MisterMer2 sent out Togekiss!</div><div><small>Pointed stones dug into the opposing <span class="battle-nickname-foe" title="Togekiss">Togekiss</span>!</small></div><h2>Turn 13</h2><div class="spacer"></div><div><span class="battle-nickname" title="Accelgor">Accelgor</span> used <strong>Yawn</strong>!</div><div><small>The opposing <span class="battle-nickname-foe" title="Togekiss">Togekiss</span> grew drowsy!</small></div><div class="spacer"></div><div>The opposing <span class="battle-nickname-foe" title="Togekiss">Togekiss</span> used <strong>Air Slash</strong>!</div><div><small>It's super effective! A critical hit! </small><small><span class="battle-nickname" title="Accelgor">Accelgor</span> lost 100% of its health!</small><br></div><div class="spacer"></div><div><span class="battle-nickname" title="Accelgor">Accelgor</span> fainted!</div><div class="spacer"></div><div><small>The opposing <span class="battle-nickname-foe" title="Togekiss">Togekiss</span> restored a little HP using its Leftovers!</small></div><div class="spacer"></div><div>Go! Volcarona!</div><h2>Turn 14</h2><div class="spacer"></div><div>MisterMer2 withdrew Togekiss!</div><div class="spacer"></div><div>MisterMer2 sent out Magmortar!</div><div><small>Pointed stones dug into the opposing <span class="battle-nickname-foe" title="Magmortar">Magmortar</span>!</small></div><div class="spacer"></div><div><span class="battle-nickname" title="Volcarona">Volcarona</span> used <strong>Quiver Dance</strong>!</div><div><small><span class="battle-nickname" title="Volcarona">Volcarona</span>'s Special Attack rose! <span class="battle-nickname" title="Volcarona">Volcarona</span>'s Special Defense rose! <span class="battle-nickname" title="Volcarona">Volcarona</span>'s Speed rose! </small></div><h2>Turn 15</h2><div class="spacer"></div><div><span class="battle-nickname" title="Volcarona">Volcarona</span> used <strong>Quiver Dance</strong>!</div><div><small><span class="battle-nickname" title="Volcarona">Volcarona</span>'s Special Attack rose! <span class="battle-nickname" title="Volcarona">Volcarona</span>'s Special Defense rose! <span class="battle-nickname" title="Volcarona">Volcarona</span>'s Speed rose! </small></div><div class="spacer"></div><div>The opposing <span class="battle-nickname-foe" title="Magmortar">Magmortar</span> used <strong>Thunderbolt</strong>!</div><div><small><span class="battle-nickname" title="Volcarona">Volcarona</span> lost 18% of its health!</small><br></div><div class="spacer"></div><div><small><span class="battle-nickname" title="Volcarona">Volcarona</span> restored a little HP using its Leftovers!</small></div><h2>Turn 16</h2><div class="spacer"></div><div>MisterMer2 withdrew Magmortar!</div><div class="spacer"></div><div>MisterMer2 sent out Togekiss!</div><div><small>Pointed stones dug into the opposing <span class="battle-nickname-foe" title="Togekiss">Togekiss</span>!</small></div><div class="spacer"></div><div><span class="battle-nickname" title="Volcarona">Volcarona</span> used <strong>Fiery Dance</strong>!</div><div><small>The opposing <span class="battle-nickname-foe" title="Togekiss">Togekiss</span> lost 18% of its health!</small><br></div><div class="spacer"></div><div>The opposing <span class="battle-nickname-foe" title="Togekiss">Togekiss</span> fainted!</div><div class="spacer"></div><div><small><span class="battle-nickname" title="Volcarona">Volcarona</span> restored a little HP using its Leftovers!</small></div><div class="spacer"></div><div>MisterMer2 sent out Magmortar!</div><div><small>Pointed stones dug into the opposing <span class="battle-nickname-foe" title="Magmortar">Magmortar</span>!</small></div><h2>Turn 17</h2><div class="spacer"></div><div><span class="battle-nickname" title="Volcarona">Volcarona</span> used <strong>Fiery Dance</strong>!</div><div><small>It's not very effective... </small><small>The opposing <span class="battle-nickname-foe" title="Magmortar">Magmortar</span> lost 35% of its health!</small><br></div><div><small><span class="battle-nickname" title="Volcarona">Volcarona</span>'s Special Attack rose! </small></div><div class="spacer"></div><div>The opposing <span class="battle-nickname-foe" title="Magmortar">Magmortar</span> used <strong>Thunderbolt</strong>!</div><div><small><span class="battle-nickname" title="Volcarona">Volcarona</span> lost 21% of its health!</small><br></div><div class="spacer"></div><div><small><span class="battle-nickname" title="Volcarona">Volcarona</span> restored a little HP using its Leftovers!</small></div><h2>Turn 18</h2><div class="spacer"></div><div><span class="battle-nickname" title="Volcarona">Volcarona</span> used <strong>Fiery Dance</strong>!</div><div><small>It's not very effective... </small><small>The opposing <span class="battle-nickname-foe" title="Magmortar">Magmortar</span> lost 16% of its health!</small><br></div><div class="spacer"></div><div>The opposing <span class="battle-nickname-foe" title="Magmortar">Magmortar</span> fainted!</div><div class="spacer"></div><div><small><span class="battle-nickname" title="Volcarona">Volcarona</span> restored a little HP using its Leftovers!</small></div><div class="spacer"></div><div>MisterMer2 sent out Cacturne!</div><div><small>Pointed stones dug into the opposing <span class="battle-nickname-foe" title="Cacturne">Cacturne</span>!</small></div><h2>Turn 19</h2><div class="spacer"></div><div><span class="battle-nickname" title="Volcarona">Volcarona</span> used <strong>Fiery Dance</strong>!</div><div><small>It's super effective! </small><small>The opposing <span class="battle-nickname-foe" title="Cacturne">Cacturne</span> lost 88% of its health!</small><br></div><div class="spacer"></div><div>The opposing <span class="battle-nickname-foe" title="Cacturne">Cacturne</span> fainted!</div><div class="spacer"></div><div><small><span class="battle-nickname" title="Volcarona">Volcarona</span> restored a little HP using its Leftovers!</small></div><div class="spacer"></div><div>MisterMer2 sent out Poliwrath!</div><div><small>Pointed stones dug into the opposing <span class="battle-nickname-foe" title="Poliwrath">Poliwrath</span>!</small></div><h2>Turn 20</h2><div class="spacer"></div><div><span class="battle-nickname" title="Volcarona">Volcarona</span> used <strong>Giga Drain</strong>!</div><div><small>It's super effective! </small><small>The opposing <span class="battle-nickname-foe" title="Poliwrath">Poliwrath</span> lost 94% of its health!</small><br></div><div><small>The opposing <span class="battle-nickname-foe" title="Poliwrath">Poliwrath</span> had its energy drained!</small></div><div class="spacer"></div><div>The opposing <span class="battle-nickname-foe" title="Poliwrath">Poliwrath</span> fainted!</div><div class="spacer"></div><div>MisterMer2 sent out Ninjask!</div><div><small>Pointed stones dug into the opposing <span class="battle-nickname-foe" title="Ninjask">Ninjask</span>!</small></div><h2>Turn 21</h2><div class="spacer"></div><div>The opposing <span class="battle-nickname-foe" title="Ninjask">Ninjask</span> used <strong>Protect</strong>!</div><div><small>The opposing <span class="battle-nickname-foe" title="Ninjask">Ninjask</span> protected itself!</small></div><div class="spacer"></div><div><span class="battle-nickname" title="Volcarona">Volcarona</span> used <strong>Fiery Dance</strong>!</div><div><small>The opposing <span class="battle-nickname-foe" title="Ninjask">Ninjask</span> protected itself!</small></div><div class="spacer"></div><div><small>The opposing <span class="battle-nickname-foe" title="Ninjask">Ninjask</span> restored a little HP using its Leftovers!</small></div><div><small>[Opposing <span class="battle-nickname-foe" title="Ninjask">Ninjask</span>'s Speed Boost!]</small></div><div><small>The opposing <span class="battle-nickname-foe" title="Ninjask">Ninjask</span>'s Speed rose! </small></div><h2>Turn 22</h2><div class="spacer"></div><div>The opposing <span class="battle-nickname-foe" title="Ninjask">Ninjask</span> used <strong>Substitute</strong>!</div><div><small>The opposing <span class="battle-nickname-foe" title="Ninjask">Ninjask</span> put in a substitute!</small></div><div><small>The opposing <span class="battle-nickname-foe" title="Ninjask">Ninjask</span> lost 24% of its health!</small><br></div><div class="spacer"></div><div><span class="battle-nickname" title="Volcarona">Volcarona</span> used <strong>Fiery Dance</strong>!</div><div><small>It's super effective! The opposing <span class="battle-nickname-foe" title="Ninjask">Ninjask</span>'s substitute faded!</small></div><div class="spacer"></div><div><small>The opposing <span class="battle-nickname-foe" title="Ninjask">Ninjask</span> restored a little HP using its Leftovers!</small></div><div><small>[Opposing <span class="battle-nickname-foe" title="Ninjask">Ninjask</span>'s Speed Boost!]</small></div><div><small>The opposing <span class="battle-nickname-foe" title="Ninjask">Ninjask</span>'s Speed rose! </small></div><h2>Turn 23</h2><div class="spacer"></div><div>The opposing <span class="battle-nickname-foe" title="Ninjask">Ninjask</span> used <strong>Leech Life</strong>!</div><div><small>It's not very effective... </small><small><span class="battle-nickname" title="Volcarona">Volcarona</span> lost 17% of its health!</small><br></div><div><small><span class="battle-nickname" title="Volcarona">Volcarona</span> had its energy drained!</small></div><div class="spacer"></div><div><span class="battle-nickname" title="Volcarona">Volcarona</span> used <strong>Fiery Dance</strong>!</div><div><small>It's super effective! </small><small>The opposing <span class="battle-nickname-foe" title="Ninjask">Ninjask</span> lost 48% of its health!</small><br></div><div><small><span class="battle-nickname" title="Volcarona">Volcarona</span>'s Special Attack rose! </small></div><div class="spacer"></div><div>The opposing <span class="battle-nickname-foe" title="Ninjask">Ninjask</span> fainted!</div><div class="spacer"></div><div>kingofdukes92 won the battle!</div><div class="chat"><small>MisterMer2 left.</small></div><div class="chat">kingofdukes92's rating: 1377 → <strong>1394</strong><br>(+17 for winning)</div><div class="chat">MisterMer2's rating: 1324 → <strong>1307</strong><br>(-17 for losing)</div><div class="chat chatmessage-kingofdukes92"><strong style="color:hsl(257,79.409052%,61.818104%);"><small>☆</small><span class="username" data-name="kingofdukes92">kingofdukes92</span>:</strong> <em>holy fuck</em></div><div class="chat chatmessage-kingofdukes92"><strong style="color:hsl(257,79.409052%,61.818104%);"><small>☆</small><span class="username" data-name="kingofdukes92">kingofdukes92</span>:</strong> <em>gg</em></div></div></div>
</div>
<script>
var daily = Math.floor(Date.now()/1000/60/60/24);document.write('<script src="https://play.pokemonshowdown.com/js/replay-embed.js?version'+daily+'"></'+'script>');
</script>
