<!DOCTYPE html>
<meta charset="utf-8" />
<!-- version 1 -->
<title>[Gen 7] Random Battle replay: bilu vs. Choosenamecancel23</title>
<style>
html,body {font-family:Verdana, sans-serif;font-size:10pt;margin:0;padding:0;}body{padding:12px 0;} .battle-log {font-family:Verdana, sans-serif;font-size:10pt;} .battle-log-inline {border:1px solid #AAAAAA;background:#EEF2F5;color:black;max-width:640px;margin:0 auto 80px;padding-bottom:5px;} .battle-log .inner {padding:4px 8px 0px 8px;} .battle-log .inner-preempt {padding:0 8px 4px 8px;} .battle-log .inner-after {margin-top:0.5em;} .battle-log h2 {margin:0.5em -8px;padding:4px 8px;border:1px solid #AAAAAA;background:#E0E7EA;border-left:0;border-right:0;font-family:Verdana, sans-serif;font-size:13pt;} .battle-log .chat {vertical-align:middle;padding:3px 0 3px 0;font-size:8pt;} .battle-log .chat strong {color:#40576A;} .battle-log .chat em {padding:1px 4px 1px 3px;color:#000000;font-style:normal;} .chat.mine {background:rgba(0,0,0,0.05);margin-left:-8px;margin-right:-8px;padding-left:8px;padding-right:8px;} .spoiler {color:#BBBBBB;background:#BBBBBB;padding:0px 3px;} .spoiler:hover, .spoiler:active, .spoiler-shown {color:#000000;background:#E2E2E2;padding:0px 3px;} .spoiler a {color:#BBBBBB;} .spoiler:hover a, .spoiler:active a, .spoiler-shown a {color:#2288CC;} .chat code, .chat .spoiler:hover code, .chat .spoiler:active code, .chat .spoiler-shown code {border:1px solid #C0C0C0;background:#EEEEEE;color:black;padding:0 2px;} .chat .spoiler code {border:1px solid #CCCCCC;background:#CCCCCC;color:#CCCCCC;} .battle-log .rated {padding:3px 4px;} .battle-log .rated strong {color:white;background:#89A;padding:1px 4px;border-radius:4px;} .spacer {margin-top:0.5em;} .message-announce {background:#6688AA;color:white;padding:1px 4px 2px;} .message-announce a, .broadcast-green a, .broadcast-blue a, .broadcast-red a {color:#DDEEFF;} .broadcast-green {background-color:#559955;color:white;padding:2px 4px;} .broadcast-blue {background-color:#6688AA;color:white;padding:2px 4px;} .infobox {border:1px solid #6688AA;padding:2px 4px;} .infobox-limited {max-height:200px;overflow:auto;overflow-x:hidden;} .broadcast-red {background-color:#AA5544;color:white;padding:2px 4px;} .message-learn-canlearn {font-weight:bold;color:#228822;text-decoration:underline;} .message-learn-cannotlearn {font-weight:bold;color:#CC2222;text-decoration:underline;} .message-effect-weak {font-weight:bold;color:#CC2222;} .message-effect-resist {font-weight:bold;color:#6688AA;} .message-effect-immune {font-weight:bold;color:#666666;} .message-learn-list {margin-top:0;margin-bottom:0;} .message-throttle-notice, .message-error {color:#992222;} .message-overflow, .chat small.message-overflow {font-size:0pt;} .message-overflow::before {font-size:9pt;content:'...';} .subtle {color:#3A4A66;}
</style>
<div class="wrapper replay-wrapper" style="max-width:1180px;margin:0 auto">
<input type="hidden" name="replayid" value="gen7randombattle-566955893" />
<div class="battle"></div><div class="battle-log"></div><div class="replay-controls"></div><div class="replay-controls-2"></div>
<h1 style="font-weight:normal;text-align:center"><strong>[Gen 7] Random Battle</strong><br /><a href="http://pokemonshowdown.com/users/bilu" class="subtle" target="_blank">bilu</a> vs. <a href="http://pokemonshowdown.com/users/choosenamecancel23" class="subtle" target="_blank">Choosenamecancel23</a></h1>
<script type="text/plain" class="battle-log-data">|j|bilu
|j|Choosenamecancel23
|player|p1|bilu|3
|player|p2|Choosenamecancel23|53
|gametype|singles
|gen|7
|tier|[Gen 7] Random Battle
|rated
|seed|47562,41208,56793,2991,18579,50051,31472,23044,37652,11009,19934,55307
|rule|Sleep Clause Mod: Limit one foe put to sleep
|rule|HP Percentage Mod: HP is shown in percentages
|
|start
|switch|p1a: Flareon|Flareon, L79, M|100\/100
|switch|p2a: Medicham|Medicham, L75, F|100\/100
|turn|1
|inactive|Battle timer is ON: inactive players will automatically lose when time's up. (requested by Choosenamecancel23)
|choice|move quickattack|move fakeout mega
|
|detailschange|p2a: Medicham|Medicham-Mega, L75, F
|-mega|p2a: Medicham|Medicham|Medichamite
|move|p2a: Medicham|Fake Out|p1a: Flareon
|-damage|p1a: Flareon|74\/100
|cant|p1a: Flareon|flinch
|
|-status|p1a: Flareon|tox|[from] item: Toxic Orb
|upkeep
|turn|2
|choice|move facade|move highjumpkick
|
|move|p2a: Medicham|High Jump Kick|p1a: Flareon
|-damage|p1a: Flareon|0 fnt
|faint|p1a: Flareon
|
|upkeep
|choice|switch 3|
|
|switch|p1a: Krookodile|Krookodile, L77, M|100\/100
|-ability|p1a: Krookodile|Intimidate|boost
|-unboost|p2a: Medicham|atk|1
|turn|3
|choice|switch 4|switch 4
|
|switch|p2a: Guzzlord|Guzzlord, L79|100\/100
|switch|p1a: Tapu Koko|Tapu Koko, L75|100\/100
|-fieldstart|move: Electric Terrain|[from] ability: Electric Surge|[of] p1a: Tapu Koko
|
|upkeep
|turn|4
|choice|move dazzlinggleam|switch 6
|
|switch|p2a: Groudon|Groudon, L73|100\/100
|detailschange|p2a: Groudon|Groudon-Primal, L73
|-primal|p2a: Groudon
|-weather|DesolateLand|[from] ability: Desolate Land|[of] p2a: Groudon
|move|p1a: Tapu Koko|Dazzling Gleam|p2a: Groudon
|-resisted|p2a: Groudon
|-damage|p2a: Groudon|85\/100
|
|-weather|DesolateLand|[upkeep]
|upkeep
|turn|5
|choice|move bravebird|move precipiceblades
|
|move|p1a: Tapu Koko|Brave Bird|p2a: Groudon
|-damage|p2a: Groudon|64\/100
|-damage|p1a: Tapu Koko|92\/100|[from] recoil|[of] p2a: Groudon
|move|p2a: Groudon|Precipice Blades|p1a: Tapu Koko
|-supereffective|p1a: Tapu Koko
|-damage|p1a: Tapu Koko|0 fnt
|faint|p1a: Tapu Koko
|
|-weather|DesolateLand|[upkeep]
|upkeep
|choice|switch 2|
|
|switch|p1a: Jynx|Jynx, L79, F|100\/100
|turn|6
|choice|move icebeam|move lavaplume
|
|move|p1a: Jynx|Ice Beam|p2a: Groudon
|-damage|p2a: Groudon|25\/100
|move|p2a: Groudon|Lava Plume|p1a: Jynx
|-supereffective|p1a: Jynx
|-damage|p1a: Jynx|0 fnt
|faint|p1a: Jynx
|
|-weather|DesolateLand|[upkeep]
|upkeep
|choice|switch 5|
|
|switch|p1a: Salamence|Salamence, L73, F|100\/100
|-ability|p1a: Salamence|Intimidate|boost
|-unboost|p2a: Groudon|atk|1
|turn|7
|choice|move earthquake mega|switch 6
|
|-weather|none
|switch|p2a: Guzzlord|Guzzlord, L79|100\/100
|detailschange|p1a: Salamence|Salamence-Mega, L73, F
|-mega|p1a: Salamence|Salamence|Salamencite
|move|p1a: Salamence|Earthquake|p2a: Guzzlord
|-damage|p2a: Guzzlord|79\/100
|
|-fieldend|move: Electric Terrain
|upkeep
|turn|8
|choice|move doubleedge|move dracometeor
|
|move|p1a: Salamence|Double-Edge|p2a: Guzzlord
|-damage|p2a: Guzzlord|31\/100
|-damage|p1a: Salamence|71\/100|[from] recoil|[of] p2a: Guzzlord
|move|p2a: Guzzlord|Draco Meteor|p1a: Salamence
|-supereffective|p1a: Salamence
|-damage|p1a: Salamence|0 fnt
|-unboost|p2a: Guzzlord|spa|2
|faint|p1a: Salamence
|-ability|p2a: Guzzlord|Beast Boost|boost
|-boost|p2a: Guzzlord|atk|1
|
|upkeep
|choice|switch 4|
|
|switch|p1a: Krookodile|Krookodile, L77, M|100\/100
|-ability|p1a: Krookodile|Intimidate|boost
|-unboost|p2a: Guzzlord|atk|1
|turn|9
|c|☆bilu|gg
|choice|move stealthrock|move hammerarm
|
|move|p1a: Krookodile|Stealth Rock|p2a: Guzzlord
|-sidestart|p2: Choosenamecancel23|move: Stealth Rock
|move|p2a: Guzzlord|Hammer Arm|p1a: Krookodile
|-supereffective|p1a: Krookodile
|-damage|p1a: Krookodile|37\/100
|-unboost|p2a: Guzzlord|spe|1
|
|upkeep
|turn|10
|choice|move stoneedge|move hammerarm
|
|move|p1a: Krookodile|Stone Edge|p2a: Guzzlord
|-damage|p2a: Guzzlord|5\/100
|-damage|p1a: Krookodile|27\/100|[from] item: Life Orb
|move|p2a: Guzzlord|Hammer Arm|p1a: Krookodile
|-supereffective|p1a: Krookodile
|-damage|p1a: Krookodile|0 fnt
|-unboost|p2a: Guzzlord|spe|1
|faint|p1a: Krookodile
|-ability|p2a: Guzzlord|Beast Boost|boost
|-boost|p2a: Guzzlord|atk|1
|
|upkeep
|choice|switch 6|
|
|switch|p1a: Xerneas|Xerneas, L73|100\/100
|-ability|p1a: Xerneas|Fairy Aura
|turn|11
|choice|move moonblast|move earthquake
|
|move|p1a: Xerneas|Moonblast|p2a: Guzzlord
|-supereffective|p2a: Guzzlord
|-damage|p2a: Guzzlord|0 fnt
|faint|p2a: Guzzlord
|
|upkeep
|choice||switch 4
|
|switch|p2a: Medicham|Medicham-Mega, L75, F|100\/100
|-damage|p2a: Medicham|94\/100|[from] Stealth Rock
|turn|12
|choice|move moonblast|move fakeout
|
|move|p2a: Medicham|Fake Out|p1a: Xerneas
|-damage|p1a: Xerneas|82\/100
|cant|p1a: Xerneas|flinch
|
|upkeep
|turn|13
|choice|move moonblast|move zenheadbutt
|
|move|p1a: Xerneas|Moonblast|p2a: Medicham
|-supereffective|p2a: Medicham
|-damage|p2a: Medicham|0 fnt
|faint|p2a: Medicham
|
|upkeep
|choice||switch 2
|
|switch|p2a: Ariados|Ariados, L79, M|100\/100
|-damage|p2a: Ariados|76\/100|[from] Stealth Rock
|turn|14
|choice|move moonblast|move megahorn
|
|move|p1a: Xerneas|Moonblast|p2a: Ariados
|-resisted|p2a: Ariados
|-damage|p2a: Ariados|44\/100
|move|p2a: Ariados|Megahorn|p1a: Xerneas
|-resisted|p1a: Xerneas
|-damage|p1a: Xerneas|63\/100
|
|-heal|p2a: Ariados|50\/100|[from] item: Black Sludge
|upkeep
|turn|15
|choice|move moonblast|move megahorn
|
|move|p1a: Xerneas|Moonblast|p2a: Ariados
|-resisted|p2a: Ariados
|-damage|p2a: Ariados|16\/100
|move|p2a: Ariados|Megahorn|p1a: Xerneas
|-resisted|p1a: Xerneas
|-damage|p1a: Xerneas|37\/100
|
|-heal|p2a: Ariados|22\/100|[from] item: Black Sludge
|upkeep
|turn|16
|c|☆bilu|withou poison jab?
|choice|move moonblast|move suckerpunch
|
|move|p2a: Ariados|Sucker Punch|p1a: Xerneas
|-resisted|p1a: Xerneas
|-damage|p1a: Xerneas|30\/100
|move|p1a: Xerneas|Moonblast|p2a: Ariados
|-resisted|p2a: Ariados
|-damage|p2a: Ariados|0 fnt
|faint|p2a: Ariados
|
|upkeep
|choice||switch 6
|
|switch|p2a: Groudon|Groudon-Primal, L73|25\/100
|-damage|p2a: Groudon|13\/100|[from] Stealth Rock
|-weather|DesolateLand|[from] ability: Desolate Land|[of] p2a: Groudon
|turn|17
|choice|move moonblast|move lavaplume
|
|move|p1a: Xerneas|Moonblast|p2a: Groudon
|-resisted|p2a: Groudon
|-damage|p2a: Groudon|0 fnt
|faint|p2a: Groudon
|-weather|none
|
|upkeep
|choice||switch 3
|
|switch|p2a: Musharna|Musharna, L79, M|100\/100
|-damage|p2a: Musharna|88\/100|[from] Stealth Rock
|turn|18
|choice|move moonblast|move thunderwave
|
|move|p1a: Xerneas|Moonblast|p2a: Musharna
|-damage|p2a: Musharna|50\/100
|move|p2a: Musharna|Thunder Wave|p1a: Xerneas
|-status|p1a: Xerneas|par
|
|-heal|p2a: Musharna|56\/100|[from] item: Leftovers
|upkeep
|turn|19
|choice|move moonblast|move psyshock
|
|move|p1a: Xerneas|Moonblast|p2a: Musharna
|-damage|p2a: Musharna|16\/100
|-unboost|p2a: Musharna|spa|1
|move|p2a: Musharna|Psyshock|p1a: Xerneas
|-damage|p1a: Xerneas|11\/100 par
|
|-heal|p2a: Musharna|22\/100|[from] item: Leftovers
|upkeep
|turn|20
|choice|move moonblast|move psyshock
|
|cant|p1a: Xerneas|par
|move|p2a: Musharna|Psyshock|p1a: Xerneas
|-damage|p1a: Xerneas|0 fnt
|faint|p1a: Xerneas
|
|win|Choosenamecancel23
|raw|bilu's rating: 1310 &rarr; <strong>1293<\/strong><br \/>(-17 for losing)
|raw|Choosenamecancel23's rating: 1373 &rarr; <strong>1390<\/strong><br \/>(+17 for winning)</script>
</div>
<div class="battle-log battle-log-inline"><div class="inner"><div class="chat"><small>bilu joined.</small></div><div class="chat"><small>Choosenamecancel23 joined.</small></div><div style="padding:5px 0"><small>Format:</small> <br><strong>[Gen 7] Random Battle</strong></div><div class="rated"><strong>Rated battle</strong></div><div><small><em>Sleep Clause Mod:</em> Limit one foe put to sleep</small></div><div><small><em>HP Percentage Mod:</em> HP is shown in percentages</small></div><div>Battle between bilu and Choosenamecancel23 started!</div><div class="spacer"></div><div>Go! Flareon!</div><div class="spacer"></div><div>Choosenamecancel23 sent out Medicham!</div><h2>Turn 1</h2><div class="chat message-error">Battle timer is ON: inactive players will automatically lose when time's up. (requested by Choosenamecancel23)</div><div class="spacer"></div><div><small>The opposing <span class="battle-nickname-foe" title="Medicham-Mega">Medicham</span>'s Medichamite is reacting to Choosenamecancel23's Mega Bracelet!<br>The opposing <span class="battle-nickname-foe" title="Medicham-Mega">Medicham</span> has Mega Evolved into Mega Medicham!</small></div><div class="spacer"></div><div>The opposing <span class="battle-nickname-foe" title="Medicham-Mega">Medicham</span> used <strong>Fake Out</strong>!</div><div><small><span class="battle-nickname" title="Flareon">Flareon</span> lost 26% of its health!</small><br></div><div class="spacer"></div><div><span class="battle-nickname" title="Flareon">Flareon</span> flinched and couldn't move!</div><div class="spacer"></div><div><small><span class="battle-nickname" title="Flareon">Flareon</span> was badly poisoned by the Toxic Orb!</small></div><h2>Turn 2</h2><div class="spacer"></div><div>The opposing <span class="battle-nickname-foe" title="Medicham-Mega">Medicham</span> used <strong>High Jump Kick</strong>!</div><div><small><span class="battle-nickname" title="Flareon">Flareon</span> lost 74% of its health!</small><br></div><div class="spacer"></div><div><span class="battle-nickname" title="Flareon">Flareon</span> fainted!</div><div class="spacer"></div><div>Go! Krookodile!</div><div><small>[<span class="battle-nickname" title="Krookodile">Krookodile</span>'s Intimidate!]</small></div><div><small>The opposing <span class="battle-nickname-foe" title="Medicham-Mega">Medicham</span>'s Attack fell! </small></div><h2>Turn 3</h2><div class="spacer"></div><div>Choosenamecancel23 withdrew <span class="battle-nickname-foe" title="Medicham-Mega">Medicham <small>(Medicham-Mega)</small></span>!</div><div class="spacer"></div><div>Choosenamecancel23 sent out Guzzlord!</div><div class="spacer"></div><div><span class="battle-nickname" title="Krookodile">Krookodile</span>, come back!</div><div class="spacer"></div><div>Go! Tapu Koko!</div><div><small>[<span class="battle-nickname" title="Tapu Koko">Tapu Koko</span>'s Electric Surge!]</small></div><div><small>An electric current runs across the battlefield!</small></div><h2>Turn 4</h2><div class="spacer"></div><div>Choosenamecancel23 withdrew Guzzlord!</div><div class="spacer"></div><div>Choosenamecancel23 sent out Groudon!</div><div class="spacer"></div><div><small>The opposing <span class="battle-nickname-foe" title="Groudon-Primal">Groudon</span>'s Primal Reversion! It reverted to its primal state!</small></div><div><small>[Opposing <span class="battle-nickname-foe" title="Groudon-Primal">Groudon</span>'s Desolate Land!]</small></div><div><small>The sunlight turned extremely harsh!</small></div><div class="spacer"></div><div><span class="battle-nickname" title="Tapu Koko">Tapu Koko</span> used <strong>Dazzling Gleam</strong>!</div><div><small>It's not very effective... </small><small>The opposing <span class="battle-nickname-foe" title="Groudon-Primal">Groudon</span> lost 15% of its health!</small><br></div><h2>Turn 5</h2><div class="spacer"></div><div><span class="battle-nickname" title="Tapu Koko">Tapu Koko</span> used <strong>Brave Bird</strong>!</div><div><small>The opposing <span class="battle-nickname-foe" title="Groudon-Primal">Groudon</span> lost 21% of its health!</small><br></div><div><small><span class="battle-nickname" title="Tapu Koko">Tapu Koko</span> is damaged by the recoil!</small></div><div class="spacer"></div><div>The opposing <span class="battle-nickname-foe" title="Groudon-Primal">Groudon</span> used <strong>Precipice Blades</strong>!</div><div><small>It's super effective! </small><small><span class="battle-nickname" title="Tapu Koko">Tapu Koko</span> lost 92% of its health!</small><br></div><div class="spacer"></div><div><span class="battle-nickname" title="Tapu Koko">Tapu Koko</span> fainted!</div><div class="spacer"></div><div>Go! Jynx!</div><h2>Turn 6</h2><div class="spacer"></div><div><span class="battle-nickname" title="Jynx">Jynx</span> used <strong>Ice Beam</strong>!</div><div><small>The opposing <span class="battle-nickname-foe" title="Groudon-Primal">Groudon</span> lost 39% of its health!</small><br></div><div class="spacer"></div><div>The opposing <span class="battle-nickname-foe" title="Groudon-Primal">Groudon</span> used <strong>Lava Plume</strong>!</div><div><small>It's super effective! </small><small><span class="battle-nickname" title="Jynx">Jynx</span> lost 100% of its health!</small><br></div><div class="spacer"></div><div><span class="battle-nickname" title="Jynx">Jynx</span> fainted!</div><div class="spacer"></div><div>Go! Salamence!</div><div><small>[<span class="battle-nickname" title="Salamence">Salamence</span>'s Intimidate!]</small></div><div><small>The opposing <span class="battle-nickname-foe" title="Groudon-Primal">Groudon</span>'s Attack fell! </small></div><h2>Turn 7</h2><div class="spacer"></div><div><small>The harsh sunlight faded.</small></div><div class="spacer"></div><div>Choosenamecancel23 withdrew <span class="battle-nickname-foe" title="Groudon-Primal">Groudon <small>(Groudon-Primal)</small></span>!</div><div class="spacer"></div><div>Choosenamecancel23 sent out Guzzlord!</div><div class="spacer"></div><div><small><span class="battle-nickname" title="Salamence-Mega">Salamence</span>'s Salamencite is reacting to bilu's Mega Bracelet!<br><span class="battle-nickname" title="Salamence-Mega">Salamence</span> has Mega Evolved into Mega Salamence!</small></div><div class="spacer"></div><div><span class="battle-nickname" title="Salamence-Mega">Salamence</span> used <strong>Earthquake</strong>!</div><div><small>The opposing <span class="battle-nickname-foe" title="Guzzlord">Guzzlord</span> lost 21% of its health!</small><br></div><div class="spacer"></div><div><small>The electricity disappeared from the battlefield.</small></div><h2>Turn 8</h2><div class="spacer"></div><div><span class="battle-nickname" title="Salamence-Mega">Salamence</span> used <strong>Double-Edge</strong>!</div><div><small>The opposing <span class="battle-nickname-foe" title="Guzzlord">Guzzlord</span> lost 48% of its health!</small><br></div><div><small><span class="battle-nickname" title="Salamence-Mega">Salamence</span> is damaged by the recoil!</small></div><div class="spacer"></div><div>The opposing <span class="battle-nickname-foe" title="Guzzlord">Guzzlord</span> used <strong>Draco Meteor</strong>!</div><div><small>It's super effective! </small><small><span class="battle-nickname" title="Salamence-Mega">Salamence</span> lost 71% of its health!</small><br></div><div><small>The opposing <span class="battle-nickname-foe" title="Guzzlord">Guzzlord</span>'s Special Attack fell harshly! </small></div><div class="spacer"></div><div><span class="battle-nickname" title="Salamence-Mega">Salamence</span> fainted!</div><div><small>[Opposing <span class="battle-nickname-foe" title="Guzzlord">Guzzlord</span>'s Beast Boost!]</small></div><div><small>The opposing <span class="battle-nickname-foe" title="Guzzlord">Guzzlord</span>'s Attack rose! </small></div><div class="spacer"></div><div>Go! Krookodile!</div><div><small>[<span class="battle-nickname" title="Krookodile">Krookodile</span>'s Intimidate!]</small></div><div><small>The opposing <span class="battle-nickname-foe" title="Guzzlord">Guzzlord</span>'s Attack fell! </small></div><h2>Turn 9</h2><div class="chat chatmessage-bilu"><strong style="color:hsl(230,76.65623000000001%,55.31246000000001%);"><small>☆</small><span class="username" data-name="bilu">bilu</span>:</strong> <em>gg</em></div><div class="spacer"></div><div><span class="battle-nickname" title="Krookodile">Krookodile</span> used <strong>Stealth Rock</strong>!</div><div><small>Pointed stones float in the air around the opposing team!</small></div><div class="spacer"></div><div>The opposing <span class="battle-nickname-foe" title="Guzzlord">Guzzlord</span> used <strong>Hammer Arm</strong>!</div><div><small>It's super effective! </small><small><span class="battle-nickname" title="Krookodile">Krookodile</span> lost 63% of its health!</small><br></div><div><small>The opposing <span class="battle-nickname-foe" title="Guzzlord">Guzzlord</span>'s Speed fell! </small></div><h2>Turn 10</h2><div class="spacer"></div><div><span class="battle-nickname" title="Krookodile">Krookodile</span> used <strong>Stone Edge</strong>!</div><div><small>The opposing <span class="battle-nickname-foe" title="Guzzlord">Guzzlord</span> lost 26% of its health!</small><br></div><div><small><span class="battle-nickname" title="Krookodile">Krookodile</span> lost some of its HP!</small></div><div class="spacer"></div><div>The opposing <span class="battle-nickname-foe" title="Guzzlord">Guzzlord</span> used <strong>Hammer Arm</strong>!</div><div><small>It's super effective! </small><small><span class="battle-nickname" title="Krookodile">Krookodile</span> lost 27% of its health!</small><br></div><div><small>The opposing <span class="battle-nickname-foe" title="Guzzlord">Guzzlord</span>'s Speed fell! </small></div><div class="spacer"></div><div><span class="battle-nickname" title="Krookodile">Krookodile</span> fainted!</div><div><small>[Opposing <span class="battle-nickname-foe" title="Guzzlord">Guzzlord</span>'s Beast Boost!]</small></div><div><small>The opposing <span class="battle-nickname-foe" title="Guzzlord">Guzzlord</span>'s Attack rose! </small></div><div class="spacer"></div><div>Go! Xerneas!</div><div><small>[<span class="battle-nickname" title="Xerneas">Xerneas</span>'s Fairy Aura!]</small></div><div><small><span class="battle-nickname" title="Xerneas">Xerneas</span> is radiating a fairy aura!</small></div><h2>Turn 11</h2><div class="spacer"></div><div><span class="battle-nickname" title="Xerneas">Xerneas</span> used <strong>Moonblast</strong>!</div><div><small>It's super effective! </small><small>The opposing <span class="battle-nickname-foe" title="Guzzlord">Guzzlord</span> lost 5% of its health!</small><br></div><div class="spacer"></div><div>The opposing <span class="battle-nickname-foe" title="Guzzlord">Guzzlord</span> fainted!</div><div class="spacer"></div><div>Choosenamecancel23 sent out <span class="battle-nickname-foe" title="Medicham-Mega">Medicham <small>(Medicham-Mega)</small></span>!</div><div><small>Pointed stones dug into the opposing <span class="battle-nickname-foe" title="Medicham-Mega">Medicham</span>!</small></div><h2>Turn 12</h2><div class="spacer"></div><div>The opposing <span class="battle-nickname-foe" title="Medicham-Mega">Medicham</span> used <strong>Fake Out</strong>!</div><div><small><span class="battle-nickname" title="Xerneas">Xerneas</span> lost 18% of its health!</small><br></div><div class="spacer"></div><div><span class="battle-nickname" title="Xerneas">Xerneas</span> flinched and couldn't move!</div><h2>Turn 13</h2><div class="spacer"></div><div><span class="battle-nickname" title="Xerneas">Xerneas</span> used <strong>Moonblast</strong>!</div><div><small>It's super effective! </small><small>The opposing <span class="battle-nickname-foe" title="Medicham-Mega">Medicham</span> lost 94% of its health!</small><br></div><div class="spacer"></div><div>The opposing <span class="battle-nickname-foe" title="Medicham-Mega">Medicham</span> fainted!</div><div class="spacer"></div><div>Choosenamecancel23 sent out Ariados!</div><div><small>Pointed stones dug into the opposing <span class="battle-nickname-foe" title="Ariados">Ariados</span>!</small></div><h2>Turn 14</h2><div class="spacer"></div><div><span class="battle-nickname" title="Xerneas">Xerneas</span> used <strong>Moonblast</strong>!</div><div><small>It's not very effective... </small><small>The opposing <span class="battle-nickname-foe" title="Ariados">Ariados</span> lost 32% of its health!</small><br></div><div class="spacer"></div><div>The opposing <span class="battle-nickname-foe" title="Ariados">Ariados</span> used <strong>Megahorn</strong>!</div><div><small>It's not very effective... </small><small><span class="battle-nickname" title="Xerneas">Xerneas</span> lost 19% of its health!</small><br></div><div class="spacer"></div><div><small>The opposing <span class="battle-nickname-foe" title="Ariados">Ariados</span> restored a little HP using its Black Sludge!</small></div><h2>Turn 15</h2><div class="spacer"></div><div><span class="battle-nickname" title="Xerneas">Xerneas</span> used <strong>Moonblast</strong>!</div><div><small>It's not very effective... </small><small>The opposing <span class="battle-nickname-foe" title="Ariados">Ariados</span> lost 34% of its health!</small><br></div><div class="spacer"></div><div>The opposing <span class="battle-nickname-foe" title="Ariados">Ariados</span> used <strong>Megahorn</strong>!</div><div><small>It's not very effective... </small><small><span class="battle-nickname" title="Xerneas">Xerneas</span> lost 26% of its health!</small><br></div><div class="spacer"></div><div><small>The opposing <span class="battle-nickname-foe" title="Ariados">Ariados</span> restored a little HP using its Black Sludge!</small></div><h2>Turn 16</h2><div class="chat chatmessage-bilu"><strong style="color:hsl(230,76.65623000000001%,55.31246000000001%);"><small>☆</small><span class="username" data-name="bilu">bilu</span>:</strong> <em>withou poison jab?</em></div><div class="spacer"></div><div>The opposing <span class="battle-nickname-foe" title="Ariados">Ariados</span> used <strong>Sucker Punch</strong>!</div><div><small>It's not very effective... </small><small><span class="battle-nickname" title="Xerneas">Xerneas</span> lost 7% of its health!</small><br></div><div class="spacer"></div><div><span class="battle-nickname" title="Xerneas">Xerneas</span> used <strong>Moonblast</strong>!</div><div><small>It's not very effective... </small><small>The opposing <span class="battle-nickname-foe" title="Ariados">Ariados</span> lost 22% of its health!</small><br></div><div class="spacer"></div><div>The opposing <span class="battle-nickname-foe" title="Ariados">Ariados</span> fainted!</div><div class="spacer"></div><div>Choosenamecancel23 sent out <span class="battle-nickname-foe" title="Groudon-Primal">Groudon <small>(Groudon-Primal)</small></span>!</div><div><small>Pointed stones dug into the opposing <span class="battle-nickname-foe" title="Groudon-Primal">Groudon</span>!</small></div><div><small>[Opposing <span class="battle-nickname-foe" title="Groudon-Primal">Groudon</span>'s Desolate Land!]</small></div><div><small>The sunlight turned extremely harsh!</small></div><h2>Turn 17</h2><div class="spacer"></div><div><span class="battle-nickname" title="Xerneas">Xerneas</span> used <strong>Moonblast</strong>!</div><div><small>It's not very effective... </small><small>The opposing <span class="battle-nickname-foe" title="Groudon-Primal">Groudon</span> lost 13% of its health!</small><br></div><div class="spacer"></div><div>The opposing <span class="battle-nickname-foe" title="Groudon-Primal">Groudon</span> fainted!</div><div><small>The harsh sunlight faded.</small></div><div class="spacer"></div><div>Choosenamecancel23 sent out Musharna!</div><div><small>Pointed stones dug into the opposing <span class="battle-nickname-foe" title="Musharna">Musharna</span>!</small></div><h2>Turn 18</h2><div class="spacer"></div><div><span class="battle-nickname" title="Xerneas">Xerneas</span> used <strong>Moonblast</strong>!</div><div><small>The opposing <span class="battle-nickname-foe" title="Musharna">Musharna</span> lost 38% of its health!</small><br></div><div class="spacer"></div><div>The opposing <span class="battle-nickname-foe" title="Musharna">Musharna</span> used <strong>Thunder Wave</strong>!</div><div><small><span class="battle-nickname" title="Xerneas">Xerneas</span> is paralyzed! It may be unable to move!</small></div><div class="spacer"></div><div><small>The opposing <span class="battle-nickname-foe" title="Musharna">Musharna</span> restored a little HP using its Leftovers!</small></div><h2>Turn 19</h2><div class="spacer"></div><div><span class="battle-nickname" title="Xerneas">Xerneas</span> used <strong>Moonblast</strong>!</div><div><small>The opposing <span class="battle-nickname-foe" title="Musharna">Musharna</span> lost 40% of its health!</small><br></div><div><small>The opposing <span class="battle-nickname-foe" title="Musharna">Musharna</span>'s Special Attack fell! </small></div><div class="spacer"></div><div>The opposing <span class="battle-nickname-foe" title="Musharna">Musharna</span> used <strong>Psyshock</strong>!</div><div><small><span class="battle-nickname" title="Xerneas">Xerneas</span> lost 19% of its health!</small><br></div><div class="spacer"></div><div><small>The opposing <span class="battle-nickname-foe" title="Musharna">Musharna</span> restored a little HP using its Leftovers!</small></div><h2>Turn 20</h2><div class="spacer"></div><div><span class="battle-nickname" title="Xerneas">Xerneas</span> is paralyzed! It can't move!</div><div class="spacer"></div><div>The opposing <span class="battle-nickname-foe" title="Musharna">Musharna</span> used <strong>Psyshock</strong>!</div><div><small><span class="battle-nickname" title="Xerneas">Xerneas</span> lost 11% of its health!</small><br></div><div class="spacer"></div><div><span class="battle-nickname" title="Xerneas">Xerneas</span> fainted!</div><div class="spacer"></div><div>Choosenamecancel23 won the battle!</div><div class="chat">bilu's rating: 1310 → <strong>1293</strong><br>(-17 for losing)</div><div class="chat">Choosenamecancel23's rating: 1373 → <strong>1390</strong><br>(+17 for winning)</div></div></div>
</div>
<script>
var daily = Math.floor(Date.now()/1000/60/60/24);document.write('<script src="https://play.pokemonshowdown.com/js/replay-embed.js?version'+daily+'"></'+'script>');
</script>
