<!DOCTYPE html>
<meta charset="utf-8" />
<!-- version 1 -->
<title>[Gen 7] Random Battle replay: David El Bichos vs. MikeDMH</title>
<style>
html,body {font-family:Verdana, sans-serif;font-size:10pt;margin:0;padding:0;}body{padding:12px 0;} .battle-log {font-family:Verdana, sans-serif;font-size:10pt;} .battle-log-inline {border:1px solid #AAAAAA;background:#EEF2F5;color:black;max-width:640px;margin:0 auto 80px;padding-bottom:5px;} .battle-log .inner {padding:4px 8px 0px 8px;} .battle-log .inner-preempt {padding:0 8px 4px 8px;} .battle-log .inner-after {margin-top:0.5em;} .battle-log h2 {margin:0.5em -8px;padding:4px 8px;border:1px solid #AAAAAA;background:#E0E7EA;border-left:0;border-right:0;font-family:Verdana, sans-serif;font-size:13pt;} .battle-log .chat {vertical-align:middle;padding:3px 0 3px 0;font-size:8pt;} .battle-log .chat strong {color:#40576A;} .battle-log .chat em {padding:1px 4px 1px 3px;color:#000000;font-style:normal;} .chat.mine {background:rgba(0,0,0,0.05);margin-left:-8px;margin-right:-8px;padding-left:8px;padding-right:8px;} .spoiler {color:#BBBBBB;background:#BBBBBB;padding:0px 3px;} .spoiler:hover, .spoiler:active, .spoiler-shown {color:#000000;background:#E2E2E2;padding:0px 3px;} .spoiler a {color:#BBBBBB;} .spoiler:hover a, .spoiler:active a, .spoiler-shown a {color:#2288CC;} .chat code, .chat .spoiler:hover code, .chat .spoiler:active code, .chat .spoiler-shown code {border:1px solid #C0C0C0;background:#EEEEEE;color:black;padding:0 2px;} .chat .spoiler code {border:1px solid #CCCCCC;background:#CCCCCC;color:#CCCCCC;} .battle-log .rated {padding:3px 4px;} .battle-log .rated strong {color:white;background:#89A;padding:1px 4px;border-radius:4px;} .spacer {margin-top:0.5em;} .message-announce {background:#6688AA;color:white;padding:1px 4px 2px;} .message-announce a, .broadcast-green a, .broadcast-blue a, .broadcast-red a {color:#DDEEFF;} .broadcast-green {background-color:#559955;color:white;padding:2px 4px;} .broadcast-blue {background-color:#6688AA;color:white;padding:2px 4px;} .infobox {border:1px solid #6688AA;padding:2px 4px;} .infobox-limited {max-height:200px;overflow:auto;overflow-x:hidden;} .broadcast-red {background-color:#AA5544;color:white;padding:2px 4px;} .message-learn-canlearn {font-weight:bold;color:#228822;text-decoration:underline;} .message-learn-cannotlearn {font-weight:bold;color:#CC2222;text-decoration:underline;} .message-effect-weak {font-weight:bold;color:#CC2222;} .message-effect-resist {font-weight:bold;color:#6688AA;} .message-effect-immune {font-weight:bold;color:#666666;} .message-learn-list {margin-top:0;margin-bottom:0;} .message-throttle-notice, .message-error {color:#992222;} .message-overflow, .chat small.message-overflow {font-size:0pt;} .message-overflow::before {font-size:9pt;content:'...';} .subtle {color:#3A4A66;}
</style>
<div class="wrapper replay-wrapper" style="max-width:1180px;margin:0 auto">
<input type="hidden" name="replayid" value="gen7randombattle-566983154" />
<div class="battle"></div><div class="battle-log"></div><div class="replay-controls"></div><div class="replay-controls-2"></div>
<h1 style="font-weight:normal;text-align:center"><strong>[Gen 7] Random Battle</strong><br /><a href="http://pokemonshowdown.com/users/davidelbichos" class="subtle" target="_blank">David El Bichos</a> vs. <a href="http://pokemonshowdown.com/users/mikedmh" class="subtle" target="_blank">MikeDMH</a></h1>
<script type="text/plain" class="battle-log-data">|j|David El Bichos
|j|MikeDMH
|player|p1|David El Bichos|293
|player|p2|MikeDMH|164
|gametype|singles
|gen|7
|tier|[Gen 7] Random Battle
|seed|48823,13088,43515,31677,805,19572,59550,61630,32740,50062,28687,22684
|rule|Sleep Clause Mod: Limit one foe put to sleep
|rule|HP Percentage Mod: HP is shown in percentages
|
|start
|switch|p1a: Rotom|Rotom, L79|100\/100
|switch|p2a: Vileplume|Vileplume, L79, M|100\/100
|turn|1
|choice|move hiddenpower|move sleeppowder
|
|move|p1a: Rotom|Hidden Power|p2a: Vileplume
|-supereffective|p2a: Vileplume
|-damage|p2a: Vileplume|57\/100
|-damage|p1a: Rotom|91\/100|[from] item: Life Orb
|move|p2a: Vileplume|Sleep Powder|p1a: Rotom|[miss]
|-miss|p2a: Vileplume|p1a: Rotom
|
|upkeep
|turn|2
|choice|move willowisp|move sleeppowder
|
|move|p1a: Rotom|Will-O-Wisp|p2a: Vileplume
|-status|p2a: Vileplume|brn
|move|p2a: Vileplume|Sleep Powder|p1a: Rotom
|-status|p1a: Rotom|slp
|
|-damage|p2a: Vileplume|51\/100 brn|[from] brn
|upkeep
|turn|3
|choice|move voltswitch|switch 5
|
|switch|p2a: Suicune|Suicune, L78|100\/100
|-ability|p2a: Suicune|Pressure
|cant|p1a: Rotom|slp
|
|upkeep
|turn|4
|choice|move voltswitch|move calmmind
|
|-curestatus|p1a: Rotom|slp|[msg]
|move|p1a: Rotom|Volt Switch|p2a: Suicune
|-supereffective|p2a: Suicune
|-damage|p2a: Suicune|47\/100
|-damage|p1a: Rotom|81\/100|[from] item: Life Orb
|choice|switch 4|
|
|switch|p1a: Ninetales|Ninetales-Alola, L77, F|100\/100
|-weather|Hail|[from] ability: Snow Warning|[of] p1a: Ninetales
|move|p2a: Suicune|Calm Mind|p2a: Suicune
|-boost|p2a: Suicune|spa|1
|-boost|p2a: Suicune|spd|1
|
|-weather|Hail|[upkeep]
|-damage|p2a: Suicune|41\/100|[from] hail
|-heal|p2a: Suicune|47\/100|[from] item: Leftovers
|upkeep
|turn|5
|choice|move auroraveil|move rest
|
|move|p1a: Ninetales|Aurora Veil|p1a: Ninetales
|-sidestart|p1: David El Bichos|move: Aurora Veil
|move|p2a: Suicune|Rest|p2a: Suicune
|-status|p2a: Suicune|slp
|-heal|p2a: Suicune|100\/100 slp|[silent]
|-status|p2a: Suicune|slp|[from] move: Rest
|
|-weather|Hail|[upkeep]
|-damage|p2a: Suicune|95\/100 slp|[from] hail
|-heal|p2a: Suicune|100\/100 slp|[from] item: Leftovers
|upkeep
|turn|6
|choice|switch 4|move sleeptalk
|
|switch|p1a: Rotom|Rotom, L79|81\/100
|cant|p2a: Suicune|slp
|move|p2a: Suicune|Sleep Talk|p2a: Suicune
|move|p2a: Suicune|Scald|p1a: Rotom|[from]Sleep Talk
|-crit|p1a: Rotom
|-damage|p1a: Rotom|0 fnt
|faint|p1a: Rotom
|
|-weather|Hail|[upkeep]
|-damage|p2a: Suicune|95\/100 slp|[from] hail
|-heal|p2a: Suicune|100\/100 slp|[from] item: Leftovers
|upkeep
|choice|switch 3|
|
|switch|p1a: Toxicroak|Toxicroak, L79, F|100\/100
|turn|7
|choice|move substitute|switch 3
|
|switch|p2a: Skuntank|Skuntank, L79, M|100\/100
|move|p1a: Toxicroak|Substitute|p1a: Toxicroak
|-start|p1a: Toxicroak|Substitute
|-damage|p1a: Toxicroak|76\/100
|
|-weather|Hail|[upkeep]
|-damage|p1a: Toxicroak|69\/100|[from] hail
|-damage|p2a: Skuntank|94\/100|[from] hail
|-heal|p1a: Toxicroak|76\/100|[from] item: Black Sludge
|upkeep
|turn|8
|choice|move icepunch|move taunt
|
|move|p1a: Toxicroak|Ice Punch|p2a: Skuntank
|-damage|p2a: Skuntank|73\/100
|move|p2a: Skuntank|Taunt|p1a: Toxicroak
|-start|p1a: Toxicroak|move: Taunt
|
|-weather|none
|-heal|p1a: Toxicroak|82\/100|[from] item: Black Sludge
|upkeep
|turn|9
|choice|move icepunch|move fireblast
|
|move|p1a: Toxicroak|Ice Punch|p2a: Skuntank
|-damage|p2a: Skuntank|51\/100
|move|p2a: Skuntank|Fire Blast|p1a: Toxicroak|[miss]
|-miss|p2a: Skuntank|p1a: Toxicroak
|
|-heal|p1a: Toxicroak|88\/100|[from] item: Black Sludge
|upkeep
|turn|10
|choice|move icepunch|move crunch
|
|move|p1a: Toxicroak|Ice Punch|p2a: Skuntank
|-damage|p2a: Skuntank|29\/100
|move|p2a: Skuntank|Crunch|p1a: Toxicroak
|-resisted|p1a: Toxicroak
|-activate|p1a: Toxicroak|move: Substitute|[damage]
|-damage|p2a: Skuntank|19\/100|[from] item: Life Orb
|
|-heal|p1a: Toxicroak|94\/100|[from] item: Black Sludge
|upkeep
|turn|11
|choice|move icepunch|move pursuit
|
|move|p1a: Toxicroak|Ice Punch|p2a: Skuntank
|-damage|p2a: Skuntank|0 fnt
|-damage|p1a: Toxicroak|69\/100|[from] ability: Aftermath|[of] p2a: Skuntank
|faint|p2a: Skuntank
|
|-heal|p1a: Toxicroak|75\/100|[from] item: Black Sludge
|-end|p1a: Toxicroak|move: Taunt
|upkeep
|choice||switch 5
|
|switch|p2a: Vileplume|Vileplume, L79, M|51\/100 brn
|turn|12
|choice|move icepunch|move sludgebomb
|
|move|p1a: Toxicroak|Ice Punch|p2a: Vileplume
|-supereffective|p2a: Vileplume
|-damage|p2a: Vileplume|5\/100 brn
|-status|p1a: Toxicroak|slp|[from] ability: Effect Spore|[of] p2a: Vileplume
|move|p2a: Vileplume|Sludge Bomb|p1a: Toxicroak
|-resisted|p1a: Toxicroak
|-activate|p1a: Toxicroak|move: Substitute|[damage]
|
|-heal|p1a: Toxicroak|81\/100 slp|[from] item: Black Sludge
|-damage|p2a: Vileplume|0 fnt|[from] brn
|-sideend|p1: David El Bichos|move: Aurora Veil
|upkeep
|faint|p2a: Vileplume
|choice||switch 6
|
|switch|p2a: Latios|Latios, L75, M|100\/100
|turn|13
|choice|move icepunch|move psyshock
|
|move|p2a: Latios|Psyshock|p1a: Toxicroak
|-supereffective|p1a: Toxicroak
|-end|p1a: Toxicroak|Substitute
|-damage|p2a: Latios|91\/100|[from] item: Life Orb
|cant|p1a: Toxicroak|slp
|
|-heal|p1a: Toxicroak|87\/100 slp|[from] item: Black Sludge
|upkeep
|turn|14
|choice|move suckerpunch|move psyshock
|
|cant|p1a: Toxicroak|slp
|move|p2a: Latios|Psyshock|p1a: Toxicroak
|-supereffective|p1a: Toxicroak
|-damage|p1a: Toxicroak|0 fnt
|-damage|p2a: Latios|81\/100|[from] item: Life Orb
|faint|p1a: Toxicroak
|
|upkeep
|choice|switch 4|
|
|switch|p1a: Ninetales|Ninetales-Alola, L77, F|100\/100
|-weather|Hail|[from] ability: Snow Warning|[of] p1a: Ninetales
|turn|15
|choice|move blizzard|move psyshock
|
|move|p1a: Ninetales|Blizzard|p2a: Latios
|-supereffective|p2a: Latios
|-damage|p2a: Latios|12\/100
|-status|p2a: Latios|frz
|cant|p2a: Latios|frz
|
|-weather|Hail|[upkeep]
|-damage|p2a: Latios|6\/100 frz|[from] hail
|upkeep
|turn|16
|choice|move auroraveil|move psyshock
|
|move|p1a: Ninetales|Aurora Veil|p1a: Ninetales
|-sidestart|p1: David El Bichos|move: Aurora Veil
|cant|p2a: Latios|frz
|
|-weather|Hail|[upkeep]
|-damage|p2a: Latios|0 fnt|[from] hail
|upkeep
|faint|p2a: Latios
|choice||switch 3
|
|switch|p2a: Suicune|Suicune, L78|100\/100 slp
|-ability|p2a: Suicune|Pressure
|turn|17
|choice|switch 6|move sleeptalk
|
|switch|p1a: Pinsir|Pinsir, L75, M|100\/100
|cant|p2a: Suicune|slp
|move|p2a: Suicune|Sleep Talk|p2a: Suicune
|move|p2a: Suicune|Rest|p2a: Suicune|[from]Sleep Talk
|-fail|p2a: Suicune
|
|-weather|Hail|[upkeep]
|-damage|p2a: Suicune|95\/100 slp|[from] hail
|-damage|p1a: Pinsir|95\/100|[from] hail
|-heal|p2a: Suicune|100\/100 slp|[from] item: Leftovers
|upkeep
|turn|18
|choice|move quickattack mega|move scald
|
|detailschange|p1a: Pinsir|Pinsir-Mega, L75, M
|-mega|p1a: Pinsir|Pinsir|Pinsirite
|move|p1a: Pinsir|Quick Attack|p2a: Suicune
|-damage|p2a: Suicune|81\/100 slp
|-curestatus|p2a: Suicune|slp|[msg]
|move|p2a: Suicune|Scald|p1a: Pinsir
|-damage|p1a: Pinsir|78\/100
|
|-weather|Hail|[upkeep]
|-damage|p1a: Pinsir|72\/100|[from] hail
|-damage|p2a: Suicune|75\/100|[from] hail
|-heal|p2a: Suicune|81\/100|[from] item: Leftovers
|upkeep
|turn|19
|choice|move swordsdance|move scald
|
|move|p1a: Pinsir|Swords Dance|p1a: Pinsir
|-boost|p1a: Pinsir|atk|2
|move|p2a: Suicune|Scald|p1a: Pinsir
|-damage|p1a: Pinsir|56\/100
|-status|p1a: Pinsir|brn
|
|-weather|none
|-heal|p2a: Suicune|87\/100|[from] item: Leftovers
|-damage|p1a: Pinsir|50\/100 brn|[from] brn
|upkeep
|turn|20
|choice|move return|move calmmind
|
|move|p1a: Pinsir|Return|p2a: Suicune
|-damage|p2a: Suicune|41\/100
|move|p2a: Suicune|Calm Mind|p2a: Suicune
|-boost|p2a: Suicune|spa|1
|-boost|p2a: Suicune|spd|1
|
|-heal|p2a: Suicune|47\/100|[from] item: Leftovers
|-damage|p1a: Pinsir|44\/100 brn|[from] brn
|upkeep
|turn|21
|choice|move return|move scald
|
|move|p1a: Pinsir|Return|p2a: Suicune
|-damage|p2a: Suicune|0 fnt
|faint|p2a: Suicune
|
|-damage|p1a: Pinsir|38\/100 brn|[from] brn
|upkeep
|choice||switch 4
|
|switch|p2a: Haxorus|Haxorus, L77, F|100\/100
|-ability|p2a: Haxorus|Mold Breaker
|turn|22
|choice|move closecombat|move taunt
|
|move|p1a: Pinsir|Close Combat|p2a: Haxorus
|-damage|p2a: Haxorus|56\/100
|-unboost|p1a: Pinsir|def|1
|-unboost|p1a: Pinsir|spd|1
|move|p2a: Haxorus|Taunt|p1a: Pinsir
|-start|p1a: Pinsir|move: Taunt
|
|-damage|p1a: Pinsir|32\/100 brn|[from] brn
|upkeep
|turn|23
|choice|move closecombat|move poisonjab
|
|move|p1a: Pinsir|Close Combat|p2a: Haxorus
|-damage|p2a: Haxorus|8\/100
|-unboost|p1a: Pinsir|def|1
|-unboost|p1a: Pinsir|spd|1
|move|p2a: Haxorus|Poison Jab|p1a: Pinsir
|-damage|p1a: Pinsir|7\/100 brn
|
|-damage|p1a: Pinsir|1\/100 brn|[from] brn
|-sideend|p1: David El Bichos|move: Aurora Veil
|upkeep
|turn|24
|choice|move closecombat|move poisonjab
|
|move|p1a: Pinsir|Close Combat|p2a: Haxorus
|-damage|p2a: Haxorus|0 fnt
|-unboost|p1a: Pinsir|def|1
|-unboost|p1a: Pinsir|spd|1
|faint|p2a: Haxorus
|
|-damage|p1a: Pinsir|0 fnt|[from] brn
|upkeep
|faint|p1a: Pinsir
|choice|switch 6|switch 2
|
|switch|p1a: Ninetales|Ninetales-Alola, L77, F|100\/100
|switch|p2a: Banette|Banette, L75, M|100\/100
|-weather|Hail|[from] ability: Snow Warning|[of] p1a: Ninetales
|turn|25
|choice|move auroraveil|move taunt mega
|
|detailschange|p2a: Banette|Banette-Mega, L75, M
|-mega|p2a: Banette|Banette|Banettite
|move|p2a: Banette|Taunt|p1a: Ninetales
|-start|p1a: Ninetales|move: Taunt
|cant|p1a: Ninetales|move: Taunt|Aurora Veil
|
|-weather|Hail|[upkeep]
|-damage|p2a: Banette|95\/100|[from] hail
|upkeep
|turn|26
|choice|move blizzard|move shadowclaw
|
|move|p1a: Ninetales|Blizzard|p2a: Banette
|-damage|p2a: Banette|53\/100
|move|p2a: Banette|Shadow Claw|p1a: Ninetales
|-damage|p1a: Ninetales|50\/100
|
|-weather|Hail|[upkeep]
|-damage|p2a: Banette|47\/100|[from] hail
|upkeep
|turn|27
|choice|move blizzard|move suckerpunch
|
|move|p2a: Banette|Sucker Punch|p1a: Ninetales
|-resisted|p1a: Ninetales
|-damage|p1a: Ninetales|34\/100
|move|p1a: Ninetales|Blizzard|p2a: Banette
|-damage|p2a: Banette|5\/100
|
|-weather|Hail|[upkeep]
|-damage|p2a: Banette|0 fnt|[from] hail
|-end|p1a: Ninetales|move: Taunt
|upkeep
|faint|p2a: Banette
|
|win|David El Bichos
|l|MikeDMH</script>
</div>
<div class="battle-log battle-log-inline"><div class="inner"><div class="chat"><small>David El Bichos joined.</small></div><div class="chat"><small>MikeDMH joined.</small></div><div style="padding:5px 0"><small>Format:</small> <br><strong>[Gen 7] Random Battle</strong></div><div><small><em>Sleep Clause Mod:</em> Limit one foe put to sleep</small></div><div><small><em>HP Percentage Mod:</em> HP is shown in percentages</small></div><div>Battle between David El Bichos and MikeDMH started!</div><div class="spacer"></div><div>Go! Rotom!</div><div class="spacer"></div><div>MikeDMH sent out Vileplume!</div><h2>Turn 1</h2><div class="spacer"></div><div><span class="battle-nickname" title="Rotom">Rotom</span> used <strong>Hidden Power</strong>!</div><div><small>It's super effective! </small><small>The opposing <span class="battle-nickname-foe" title="Vileplume">Vileplume</span> lost 43% of its health!</small><br></div><div><small><span class="battle-nickname" title="Rotom">Rotom</span> lost some of its HP!</small></div><div class="spacer"></div><div>The opposing <span class="battle-nickname-foe" title="Vileplume">Vileplume</span> used <strong>Sleep Powder</strong>!</div><div><small><span class="battle-nickname" title="Rotom">Rotom</span> avoided the attack!</small></div><h2>Turn 2</h2><div class="spacer"></div><div><span class="battle-nickname" title="Rotom">Rotom</span> used <strong>Will-O-Wisp</strong>!</div><div><small>The opposing <span class="battle-nickname-foe" title="Vileplume">Vileplume</span> was burned!</small></div><div class="spacer"></div><div>The opposing <span class="battle-nickname-foe" title="Vileplume">Vileplume</span> used <strong>Sleep Powder</strong>!</div><div><small><span class="battle-nickname" title="Rotom">Rotom</span> fell asleep!</small></div><div class="spacer"></div><div><small>The opposing <span class="battle-nickname-foe" title="Vileplume">Vileplume</span> was hurt by its burn!</small></div><h2>Turn 3</h2><div class="spacer"></div><div>MikeDMH withdrew Vileplume!</div><div class="spacer"></div><div>MikeDMH sent out Suicune!</div><div><small>[Opposing <span class="battle-nickname-foe" title="Suicune">Suicune</span>'s Pressure!]</small></div><div><small>The opposing <span class="battle-nickname-foe" title="Suicune">Suicune</span> is exerting its pressure!</small></div><div class="spacer"></div><div><span class="battle-nickname" title="Rotom">Rotom</span> is fast asleep.</div><h2>Turn 4</h2><div class="spacer"></div><div><small><span class="battle-nickname" title="Rotom">Rotom</span> woke up!</small></div><div class="spacer"></div><div><span class="battle-nickname" title="Rotom">Rotom</span> used <strong>Volt Switch</strong>!</div><div><small>It's super effective! </small><small>The opposing <span class="battle-nickname-foe" title="Suicune">Suicune</span> lost 53% of its health!</small><br></div><div><small><span class="battle-nickname" title="Rotom">Rotom</span> lost some of its HP!</small></div><div class="spacer"></div><div><span class="battle-nickname" title="Rotom">Rotom</span> went back to David El Bichos!</div><div class="spacer"></div><div>Go! <span class="battle-nickname" title="Ninetales-Alola">Ninetales <small>(Ninetales-Alola)</small></span>!</div><div><small>[<span class="battle-nickname" title="Ninetales-Alola">Ninetales</span>'s Snow Warning!]</small></div><div><small>It started to hail!</small></div><div class="spacer"></div><div>The opposing <span class="battle-nickname-foe" title="Suicune">Suicune</span> used <strong>Calm Mind</strong>!</div><div><small>The opposing <span class="battle-nickname-foe" title="Suicune">Suicune</span>'s Special Attack rose! The opposing <span class="battle-nickname-foe" title="Suicune">Suicune</span>'s Special Defense rose! </small></div><div><small>The hail is crashing down.</small></div><div class="spacer"></div><div><small>The opposing <span class="battle-nickname-foe" title="Suicune">Suicune</span> is buffeted by the hail!</small></div><div><small>The opposing <span class="battle-nickname-foe" title="Suicune">Suicune</span> restored a little HP using its Leftovers!</small></div><h2>Turn 5</h2><div class="spacer"></div><div><span class="battle-nickname" title="Ninetales-Alola">Ninetales</span> used <strong>Aurora Veil</strong>!</div><div><small>Aurora Veil made your team stronger against physical and special moves!</small></div><div class="spacer"></div><div>The opposing <span class="battle-nickname-foe" title="Suicune">Suicune</span> used <strong>Rest</strong>!</div><div><small>The opposing <span class="battle-nickname-foe" title="Suicune">Suicune</span> fell asleep!</small></div><div><small>The opposing <span class="battle-nickname-foe" title="Suicune">Suicune</span> slept and became healthy!</small></div><div><small>The hail is crashing down.</small></div><div class="spacer"></div><div><small>The opposing <span class="battle-nickname-foe" title="Suicune">Suicune</span> is buffeted by the hail!</small></div><div><small>The opposing <span class="battle-nickname-foe" title="Suicune">Suicune</span> restored a little HP using its Leftovers!</small></div><h2>Turn 6</h2><div class="spacer"></div><div><span class="battle-nickname" title="Ninetales-Alola">Ninetales</span>, come back!</div><div class="spacer"></div><div>Go! Rotom!</div><div class="spacer"></div><div>The opposing <span class="battle-nickname-foe" title="Suicune">Suicune</span> is fast asleep.</div><div class="spacer"></div><div>The opposing <span class="battle-nickname-foe" title="Suicune">Suicune</span> used <strong>Sleep Talk</strong>!</div><div>The opposing <span class="battle-nickname-foe" title="Suicune">Suicune</span> used <strong>Scald</strong>!</div><div><small>A critical hit! </small><small><span class="battle-nickname" title="Rotom">Rotom</span> lost 81% of its health!</small><br></div><div class="spacer"></div><div><span class="battle-nickname" title="Rotom">Rotom</span> fainted!</div><div><small>The hail is crashing down.</small></div><div class="spacer"></div><div><small>The opposing <span class="battle-nickname-foe" title="Suicune">Suicune</span> is buffeted by the hail!</small></div><div><small>The opposing <span class="battle-nickname-foe" title="Suicune">Suicune</span> restored a little HP using its Leftovers!</small></div><div class="spacer"></div><div>Go! Toxicroak!</div><h2>Turn 7</h2><div class="spacer"></div><div>MikeDMH withdrew Suicune!</div><div class="spacer"></div><div>MikeDMH sent out Skuntank!</div><div class="spacer"></div><div><span class="battle-nickname" title="Toxicroak">Toxicroak</span> used <strong>Substitute</strong>!</div><div><small><span class="battle-nickname" title="Toxicroak">Toxicroak</span> put in a substitute!</small></div><div><small><span class="battle-nickname" title="Toxicroak">Toxicroak</span> lost 24% of its health!</small><br></div><div><small>The hail is crashing down.</small></div><div class="spacer"></div><div><small><span class="battle-nickname" title="Toxicroak">Toxicroak</span> is buffeted by the hail!</small></div><div><small>The opposing <span class="battle-nickname-foe" title="Skuntank">Skuntank</span> is buffeted by the hail!</small></div><div><small><span class="battle-nickname" title="Toxicroak">Toxicroak</span> restored a little HP using its Black Sludge!</small></div><h2>Turn 8</h2><div class="spacer"></div><div><span class="battle-nickname" title="Toxicroak">Toxicroak</span> used <strong>Ice Punch</strong>!</div><div><small>The opposing <span class="battle-nickname-foe" title="Skuntank">Skuntank</span> lost 21% of its health!</small><br></div><div class="spacer"></div><div>The opposing <span class="battle-nickname-foe" title="Skuntank">Skuntank</span> used <strong>Taunt</strong>!</div><div><small><span class="battle-nickname" title="Toxicroak">Toxicroak</span> fell for the taunt!</small></div><div class="spacer"></div><div><small>The hail stopped.</small></div><div><small><span class="battle-nickname" title="Toxicroak">Toxicroak</span> restored a little HP using its Black Sludge!</small></div><h2>Turn 9</h2><div class="spacer"></div><div><span class="battle-nickname" title="Toxicroak">Toxicroak</span> used <strong>Ice Punch</strong>!</div><div><small>The opposing <span class="battle-nickname-foe" title="Skuntank">Skuntank</span> lost 22% of its health!</small><br></div><div class="spacer"></div><div>The opposing <span class="battle-nickname-foe" title="Skuntank">Skuntank</span> used <strong>Fire Blast</strong>!</div><div><small><span class="battle-nickname" title="Toxicroak">Toxicroak</span> avoided the attack!</small></div><div class="spacer"></div><div><small><span class="battle-nickname" title="Toxicroak">Toxicroak</span> restored a little HP using its Black Sludge!</small></div><h2>Turn 10</h2><div class="spacer"></div><div><span class="battle-nickname" title="Toxicroak">Toxicroak</span> used <strong>Ice Punch</strong>!</div><div><small>The opposing <span class="battle-nickname-foe" title="Skuntank">Skuntank</span> lost 22% of its health!</small><br></div><div class="spacer"></div><div>The opposing <span class="battle-nickname-foe" title="Skuntank">Skuntank</span> used <strong>Crunch</strong>!</div><div><small>It's not very effective... The substitute took damage for <span class="battle-nickname" title="Toxicroak">Toxicroak</span>!</small></div><div><small>The opposing <span class="battle-nickname-foe" title="Skuntank">Skuntank</span> lost some of its HP!</small></div><div class="spacer"></div><div><small><span class="battle-nickname" title="Toxicroak">Toxicroak</span> restored a little HP using its Black Sludge!</small></div><h2>Turn 11</h2><div class="spacer"></div><div><span class="battle-nickname" title="Toxicroak">Toxicroak</span> used <strong>Ice Punch</strong>!</div><div><small>The opposing <span class="battle-nickname-foe" title="Skuntank">Skuntank</span> lost 19% of its health!</small><br></div><div><small>[Opposing <span class="battle-nickname-foe" title="Skuntank">Skuntank</span>'s Aftermath!]</small></div><div><small><span class="battle-nickname" title="Toxicroak">Toxicroak</span> is hurt!</small></div><div class="spacer"></div><div>The opposing <span class="battle-nickname-foe" title="Skuntank">Skuntank</span> fainted!</div><div class="spacer"></div><div><small><span class="battle-nickname" title="Toxicroak">Toxicroak</span> restored a little HP using its Black Sludge!</small></div><div><small><span class="battle-nickname" title="Toxicroak">Toxicroak</span>'s taunt wore off!</small></div><div class="spacer"></div><div>MikeDMH sent out Vileplume!</div><h2>Turn 12</h2><div class="spacer"></div><div><span class="battle-nickname" title="Toxicroak">Toxicroak</span> used <strong>Ice Punch</strong>!</div><div><small>It's super effective! </small><small>The opposing <span class="battle-nickname-foe" title="Vileplume">Vileplume</span> lost 46% of its health!</small><br></div><div><small>[Opposing <span class="battle-nickname-foe" title="Vileplume">Vileplume</span>'s Effect Spore!]</small></div><div><small><span class="battle-nickname" title="Toxicroak">Toxicroak</span> fell asleep!</small></div><div class="spacer"></div><div>The opposing <span class="battle-nickname-foe" title="Vileplume">Vileplume</span> used <strong>Sludge Bomb</strong>!</div><div><small>It's not very effective... The substitute took damage for <span class="battle-nickname" title="Toxicroak">Toxicroak</span>!</small></div><div class="spacer"></div><div><small><span class="battle-nickname" title="Toxicroak">Toxicroak</span> restored a little HP using its Black Sludge!</small></div><div><small>The opposing <span class="battle-nickname-foe" title="Vileplume">Vileplume</span> was hurt by its burn!</small></div><div><small>Your team's Aurora Veil wore off!</small></div><div class="spacer"></div><div>The opposing <span class="battle-nickname-foe" title="Vileplume">Vileplume</span> fainted!</div><div class="spacer"></div><div>MikeDMH sent out Latios!</div><h2>Turn 13</h2><div class="spacer"></div><div>The opposing <span class="battle-nickname-foe" title="Latios">Latios</span> used <strong>Psyshock</strong>!</div><div><small>It's super effective! <span class="battle-nickname" title="Toxicroak">Toxicroak</span>'s substitute faded!</small></div><div><small>The opposing <span class="battle-nickname-foe" title="Latios">Latios</span> lost some of its HP!</small></div><div class="spacer"></div><div><span class="battle-nickname" title="Toxicroak">Toxicroak</span> is fast asleep.</div><div class="spacer"></div><div><small><span class="battle-nickname" title="Toxicroak">Toxicroak</span> restored a little HP using its Black Sludge!</small></div><h2>Turn 14</h2><div class="spacer"></div><div><span class="battle-nickname" title="Toxicroak">Toxicroak</span> is fast asleep.</div><div class="spacer"></div><div>The opposing <span class="battle-nickname-foe" title="Latios">Latios</span> used <strong>Psyshock</strong>!</div><div><small>It's super effective! </small><small><span class="battle-nickname" title="Toxicroak">Toxicroak</span> lost 87% of its health!</small><br></div><div><small>The opposing <span class="battle-nickname-foe" title="Latios">Latios</span> lost some of its HP!</small></div><div class="spacer"></div><div><span class="battle-nickname" title="Toxicroak">Toxicroak</span> fainted!</div><div class="spacer"></div><div>Go! <span class="battle-nickname" title="Ninetales-Alola">Ninetales <small>(Ninetales-Alola)</small></span>!</div><div><small>[<span class="battle-nickname" title="Ninetales-Alola">Ninetales</span>'s Snow Warning!]</small></div><div><small>It started to hail!</small></div><h2>Turn 15</h2><div class="spacer"></div><div><span class="battle-nickname" title="Ninetales-Alola">Ninetales</span> used <strong>Blizzard</strong>!</div><div><small>It's super effective! </small><small>The opposing <span class="battle-nickname-foe" title="Latios">Latios</span> lost 69% of its health!</small><br></div><div><small>The opposing <span class="battle-nickname-foe" title="Latios">Latios</span> was frozen solid!</small></div><div class="spacer"></div><div>The opposing <span class="battle-nickname-foe" title="Latios">Latios</span> is frozen solid!</div><div><small>The hail is crashing down.</small></div><div class="spacer"></div><div><small>The opposing <span class="battle-nickname-foe" title="Latios">Latios</span> is buffeted by the hail!</small></div><h2>Turn 16</h2><div class="spacer"></div><div><span class="battle-nickname" title="Ninetales-Alola">Ninetales</span> used <strong>Aurora Veil</strong>!</div><div><small>Aurora Veil made your team stronger against physical and special moves!</small></div><div class="spacer"></div><div>The opposing <span class="battle-nickname-foe" title="Latios">Latios</span> is frozen solid!</div><div><small>The hail is crashing down.</small></div><div class="spacer"></div><div><small>The opposing <span class="battle-nickname-foe" title="Latios">Latios</span> is buffeted by the hail!</small></div><div class="spacer"></div><div>The opposing <span class="battle-nickname-foe" title="Latios">Latios</span> fainted!</div><div class="spacer"></div><div>MikeDMH sent out Suicune!</div><div><small>[Opposing <span class="battle-nickname-foe" title="Suicune">Suicune</span>'s Pressure!]</small></div><div><small>The opposing <span class="battle-nickname-foe" title="Suicune">Suicune</span> is exerting its pressure!</small></div><h2>Turn 17</h2><div class="spacer"></div><div><span class="battle-nickname" title="Ninetales-Alola">Ninetales</span>, come back!</div><div class="spacer"></div><div>Go! Pinsir!</div><div class="spacer"></div><div>The opposing <span class="battle-nickname-foe" title="Suicune">Suicune</span> is fast asleep.</div><div class="spacer"></div><div>The opposing <span class="battle-nickname-foe" title="Suicune">Suicune</span> used <strong>Sleep Talk</strong>!</div><div>The opposing <span class="battle-nickname-foe" title="Suicune">Suicune</span> used <strong>Rest</strong>!</div><div><small>But it failed!</small></div><div><small>The hail is crashing down.</small></div><div class="spacer"></div><div><small>The opposing <span class="battle-nickname-foe" title="Suicune">Suicune</span> is buffeted by the hail!</small></div><div><small><span class="battle-nickname" title="Pinsir">Pinsir</span> is buffeted by the hail!</small></div><div><small>The opposing <span class="battle-nickname-foe" title="Suicune">Suicune</span> restored a little HP using its Leftovers!</small></div><h2>Turn 18</h2><div class="spacer"></div><div><small><span class="battle-nickname" title="Pinsir-Mega">Pinsir</span>'s Pinsirite is reacting to David El Bichos's Mega Bracelet!<br><span class="battle-nickname" title="Pinsir-Mega">Pinsir</span> has Mega Evolved into Mega Pinsir!</small></div><div class="spacer"></div><div><span class="battle-nickname" title="Pinsir-Mega">Pinsir</span> used <strong>Quick Attack</strong>!</div><div><small>The opposing <span class="battle-nickname-foe" title="Suicune">Suicune</span> lost 19% of its health!</small><br></div><div><small>The opposing <span class="battle-nickname-foe" title="Suicune">Suicune</span> woke up!</small></div><div class="spacer"></div><div>The opposing <span class="battle-nickname-foe" title="Suicune">Suicune</span> used <strong>Scald</strong>!</div><div><small><span class="battle-nickname" title="Pinsir-Mega">Pinsir</span> lost 17% of its health!</small><br></div><div><small>The hail is crashing down.</small></div><div class="spacer"></div><div><small><span class="battle-nickname" title="Pinsir-Mega">Pinsir</span> is buffeted by the hail!</small></div><div><small>The opposing <span class="battle-nickname-foe" title="Suicune">Suicune</span> is buffeted by the hail!</small></div><div><small>The opposing <span class="battle-nickname-foe" title="Suicune">Suicune</span> restored a little HP using its Leftovers!</small></div><h2>Turn 19</h2><div class="spacer"></div><div><span class="battle-nickname" title="Pinsir-Mega">Pinsir</span> used <strong>Swords Dance</strong>!</div><div><small><span class="battle-nickname" title="Pinsir-Mega">Pinsir</span>'s Attack rose sharply! </small></div><div class="spacer"></div><div>The opposing <span class="battle-nickname-foe" title="Suicune">Suicune</span> used <strong>Scald</strong>!</div><div><small><span class="battle-nickname" title="Pinsir-Mega">Pinsir</span> lost 16% of its health!</small><br></div><div><small><span class="battle-nickname" title="Pinsir-Mega">Pinsir</span> was burned!</small></div><div class="spacer"></div><div><small>The hail stopped.</small></div><div><small>The opposing <span class="battle-nickname-foe" title="Suicune">Suicune</span> restored a little HP using its Leftovers!</small></div><div><small><span class="battle-nickname" title="Pinsir-Mega">Pinsir</span> was hurt by its burn!</small></div><h2>Turn 20</h2><div class="spacer"></div><div><span class="battle-nickname" title="Pinsir-Mega">Pinsir</span> used <strong>Return</strong>!</div><div><small>The opposing <span class="battle-nickname-foe" title="Suicune">Suicune</span> lost 46% of its health!</small><br></div><div class="spacer"></div><div>The opposing <span class="battle-nickname-foe" title="Suicune">Suicune</span> used <strong>Calm Mind</strong>!</div><div><small>The opposing <span class="battle-nickname-foe" title="Suicune">Suicune</span>'s Special Attack rose! The opposing <span class="battle-nickname-foe" title="Suicune">Suicune</span>'s Special Defense rose! </small></div><div class="spacer"></div><div><small>The opposing <span class="battle-nickname-foe" title="Suicune">Suicune</span> restored a little HP using its Leftovers!</small></div><div><small><span class="battle-nickname" title="Pinsir-Mega">Pinsir</span> was hurt by its burn!</small></div><h2>Turn 21</h2><div class="spacer"></div><div><span class="battle-nickname" title="Pinsir-Mega">Pinsir</span> used <strong>Return</strong>!</div><div><small>The opposing <span class="battle-nickname-foe" title="Suicune">Suicune</span> lost 47% of its health!</small><br></div><div class="spacer"></div><div>The opposing <span class="battle-nickname-foe" title="Suicune">Suicune</span> fainted!</div><div class="spacer"></div><div><small><span class="battle-nickname" title="Pinsir-Mega">Pinsir</span> was hurt by its burn!</small></div><div class="spacer"></div><div>MikeDMH sent out Haxorus!</div><div><small>[Opposing <span class="battle-nickname-foe" title="Haxorus">Haxorus</span>'s Mold Breaker!]</small></div><div><small>The opposing <span class="battle-nickname-foe" title="Haxorus">Haxorus</span> breaks the mold!</small></div><h2>Turn 22</h2><div class="spacer"></div><div><span class="battle-nickname" title="Pinsir-Mega">Pinsir</span> used <strong>Close Combat</strong>!</div><div><small>The opposing <span class="battle-nickname-foe" title="Haxorus">Haxorus</span> lost 44% of its health!</small><br></div><div><small><span class="battle-nickname" title="Pinsir-Mega">Pinsir</span>'s Defense fell! <span class="battle-nickname" title="Pinsir-Mega">Pinsir</span>'s Special Defense fell! </small></div><div class="spacer"></div><div>The opposing <span class="battle-nickname-foe" title="Haxorus">Haxorus</span> used <strong>Taunt</strong>!</div><div><small><span class="battle-nickname" title="Pinsir-Mega">Pinsir</span> fell for the taunt!</small></div><div class="spacer"></div><div><small><span class="battle-nickname" title="Pinsir-Mega">Pinsir</span> was hurt by its burn!</small></div><h2>Turn 23</h2><div class="spacer"></div><div><span class="battle-nickname" title="Pinsir-Mega">Pinsir</span> used <strong>Close Combat</strong>!</div><div><small>The opposing <span class="battle-nickname-foe" title="Haxorus">Haxorus</span> lost 48% of its health!</small><br></div><div><small><span class="battle-nickname" title="Pinsir-Mega">Pinsir</span>'s Defense fell! <span class="battle-nickname" title="Pinsir-Mega">Pinsir</span>'s Special Defense fell! </small></div><div class="spacer"></div><div>The opposing <span class="battle-nickname-foe" title="Haxorus">Haxorus</span> used <strong>Poison Jab</strong>!</div><div><small><span class="battle-nickname" title="Pinsir-Mega">Pinsir</span> lost 25% of its health!</small><br></div><div class="spacer"></div><div><small><span class="battle-nickname" title="Pinsir-Mega">Pinsir</span> was hurt by its burn!</small></div><div><small>Your team's Aurora Veil wore off!</small></div><h2>Turn 24</h2><div class="spacer"></div><div><span class="battle-nickname" title="Pinsir-Mega">Pinsir</span> used <strong>Close Combat</strong>!</div><div><small>The opposing <span class="battle-nickname-foe" title="Haxorus">Haxorus</span> lost 8% of its health!</small><br></div><div><small><span class="battle-nickname" title="Pinsir-Mega">Pinsir</span>'s Defense fell! <span class="battle-nickname" title="Pinsir-Mega">Pinsir</span>'s Special Defense fell! </small></div><div class="spacer"></div><div>The opposing <span class="battle-nickname-foe" title="Haxorus">Haxorus</span> fainted!</div><div class="spacer"></div><div><small><span class="battle-nickname" title="Pinsir-Mega">Pinsir</span> was hurt by its burn!</small></div><div class="spacer"></div><div><span class="battle-nickname" title="Pinsir-Mega">Pinsir</span> fainted!</div><div class="spacer"></div><div>Go! <span class="battle-nickname" title="Ninetales-Alola">Ninetales <small>(Ninetales-Alola)</small></span>!</div><div class="spacer"></div><div>MikeDMH sent out Banette!</div><div><small>[<span class="battle-nickname" title="Ninetales-Alola">Ninetales</span>'s Snow Warning!]</small></div><div><small>It started to hail!</small></div><h2>Turn 25</h2><div class="spacer"></div><div><small>The opposing <span class="battle-nickname-foe" title="Banette-Mega">Banette</span>'s Banettite is reacting to MikeDMH's Mega Bracelet!<br>The opposing <span class="battle-nickname-foe" title="Banette-Mega">Banette</span> has Mega Evolved into Mega Banette!</small></div><div class="spacer"></div><div>The opposing <span class="battle-nickname-foe" title="Banette-Mega">Banette</span> used <strong>Taunt</strong>!</div><div><small><span class="battle-nickname" title="Ninetales-Alola">Ninetales</span> fell for the taunt!</small></div><div class="spacer"></div><div><span class="battle-nickname" title="Ninetales-Alola">Ninetales</span> can't use Aurora Veil after the taunt!</div><div><small>The hail is crashing down.</small></div><div class="spacer"></div><div><small>The opposing <span class="battle-nickname-foe" title="Banette-Mega">Banette</span> is buffeted by the hail!</small></div><h2>Turn 26</h2><div class="spacer"></div><div><span class="battle-nickname" title="Ninetales-Alola">Ninetales</span> used <strong>Blizzard</strong>!</div><div><small>The opposing <span class="battle-nickname-foe" title="Banette-Mega">Banette</span> lost 42% of its health!</small><br></div><div class="spacer"></div><div>The opposing <span class="battle-nickname-foe" title="Banette-Mega">Banette</span> used <strong>Shadow Claw</strong>!</div><div><small><span class="battle-nickname" title="Ninetales-Alola">Ninetales</span> lost 50% of its health!</small><br></div><div><small>The hail is crashing down.</small></div><div class="spacer"></div><div><small>The opposing <span class="battle-nickname-foe" title="Banette-Mega">Banette</span> is buffeted by the hail!</small></div><h2>Turn 27</h2><div class="spacer"></div><div>The opposing <span class="battle-nickname-foe" title="Banette-Mega">Banette</span> used <strong>Sucker Punch</strong>!</div><div><small>It's not very effective... </small><small><span class="battle-nickname" title="Ninetales-Alola">Ninetales</span> lost 16% of its health!</small><br></div><div class="spacer"></div><div><span class="battle-nickname" title="Ninetales-Alola">Ninetales</span> used <strong>Blizzard</strong>!</div><div><small>The opposing <span class="battle-nickname-foe" title="Banette-Mega">Banette</span> lost 42% of its health!</small><br></div><div><small>The hail is crashing down.</small></div><div class="spacer"></div><div><small>The opposing <span class="battle-nickname-foe" title="Banette-Mega">Banette</span> is buffeted by the hail!</small></div><div><small><span class="battle-nickname" title="Ninetales-Alola">Ninetales</span>'s taunt wore off!</small></div><div class="spacer"></div><div>The opposing <span class="battle-nickname-foe" title="Banette-Mega">Banette</span> fainted!</div><div class="spacer"></div><div>David El Bichos won the battle!</div><div class="chat"><small>MikeDMH left.</small></div></div></div>
</div>
<script>
var daily = Math.floor(Date.now()/1000/60/60/24);document.write('<script src="https://play.pokemonshowdown.com/js/replay-embed.js?version'+daily+'"></'+'script>');
</script>
