<!DOCTYPE html>
<meta charset="utf-8" />
<!-- version 1 -->
<title>[Gen 7] Random Battle replay: BrightAmmy vs. JK41</title>
<style>
html,body {font-family:Verdana, sans-serif;font-size:10pt;margin:0;padding:0;}body{padding:12px 0;} .battle-log {font-family:Verdana, sans-serif;font-size:10pt;} .battle-log-inline {border:1px solid #AAAAAA;background:#EEF2F5;color:black;max-width:640px;margin:0 auto 80px;padding-bottom:5px;} .battle-log .inner {padding:4px 8px 0px 8px;} .battle-log .inner-preempt {padding:0 8px 4px 8px;} .battle-log .inner-after {margin-top:0.5em;} .battle-log h2 {margin:0.5em -8px;padding:4px 8px;border:1px solid #AAAAAA;background:#E0E7EA;border-left:0;border-right:0;font-family:Verdana, sans-serif;font-size:13pt;} .battle-log .chat {vertical-align:middle;padding:3px 0 3px 0;font-size:8pt;} .battle-log .chat strong {color:#40576A;} .battle-log .chat em {padding:1px 4px 1px 3px;color:#000000;font-style:normal;} .chat.mine {background:rgba(0,0,0,0.05);margin-left:-8px;margin-right:-8px;padding-left:8px;padding-right:8px;} .spoiler {color:#BBBBBB;background:#BBBBBB;padding:0px 3px;} .spoiler:hover, .spoiler:active, .spoiler-shown {color:#000000;background:#E2E2E2;padding:0px 3px;} .spoiler a {color:#BBBBBB;} .spoiler:hover a, .spoiler:active a, .spoiler-shown a {color:#2288CC;} .chat code, .chat .spoiler:hover code, .chat .spoiler:active code, .chat .spoiler-shown code {border:1px solid #C0C0C0;background:#EEEEEE;color:black;padding:0 2px;} .chat .spoiler code {border:1px solid #CCCCCC;background:#CCCCCC;color:#CCCCCC;} .battle-log .rated {padding:3px 4px;} .battle-log .rated strong {color:white;background:#89A;padding:1px 4px;border-radius:4px;} .spacer {margin-top:0.5em;} .message-announce {background:#6688AA;color:white;padding:1px 4px 2px;} .message-announce a, .broadcast-green a, .broadcast-blue a, .broadcast-red a {color:#DDEEFF;} .broadcast-green {background-color:#559955;color:white;padding:2px 4px;} .broadcast-blue {background-color:#6688AA;color:white;padding:2px 4px;} .infobox {border:1px solid #6688AA;padding:2px 4px;} .infobox-limited {max-height:200px;overflow:auto;overflow-x:hidden;} .broadcast-red {background-color:#AA5544;color:white;padding:2px 4px;} .message-learn-canlearn {font-weight:bold;color:#228822;text-decoration:underline;} .message-learn-cannotlearn {font-weight:bold;color:#CC2222;text-decoration:underline;} .message-effect-weak {font-weight:bold;color:#CC2222;} .message-effect-resist {font-weight:bold;color:#6688AA;} .message-effect-immune {font-weight:bold;color:#666666;} .message-learn-list {margin-top:0;margin-bottom:0;} .message-throttle-notice, .message-error {color:#992222;} .message-overflow, .chat small.message-overflow {font-size:0pt;} .message-overflow::before {font-size:9pt;content:'...';} .subtle {color:#3A4A66;}
</style>
<div class="wrapper replay-wrapper" style="max-width:1180px;margin:0 auto">
<input type="hidden" name="replayid" value="gen7randombattle-566885024" />
<div class="battle"></div><div class="battle-log"></div><div class="replay-controls"></div><div class="replay-controls-2"></div>
<h1 style="font-weight:normal;text-align:center"><strong>[Gen 7] Random Battle</strong><br /><a href="http://pokemonshowdown.com/users/brightammy" class="subtle" target="_blank">BrightAmmy</a> vs. <a href="http://pokemonshowdown.com/users/jk41" class="subtle" target="_blank">JK41</a></h1>
<script type="text/plain" class="battle-log-data">|j|BrightAmmy
|j|JK41
|player|p1|BrightAmmy|154
|player|p2|JK41|3
|gametype|singles
|gen|7
|tier|[Gen 7] Random Battle
|rated
|seed|47288,45554,56358,27857,33952,15229,63134,19836,15486,2071,36476,59
|rule|Sleep Clause Mod: Limit one foe put to sleep
|rule|HP Percentage Mod: HP is shown in percentages
|
|start
|switch|p1a: Swampert|Swampert, L75, M|100\/100
|switch|p2a: Rotom|Rotom-Heat, L79|100\/100
|turn|1
|choice|move raindance mega|move willowisp
|
|detailschange|p1a: Swampert|Swampert-Mega, L75, M
|-mega|p1a: Swampert|Swampert|Swampertite
|move|p2a: Rotom|Will-O-Wisp|p1a: Swampert
|-status|p1a: Swampert|brn
|move|p1a: Swampert|Rain Dance|p1a: Swampert
|-weather|RainDance
|
|-weather|RainDance|[upkeep]
|-damage|p1a: Swampert|94\/100 brn|[from] brn
|upkeep
|turn|2
|choice|move waterfall|switch 5
|
|switch|p2a: Suicune|Suicune, L78|100\/100
|move|p1a: Swampert|Waterfall|p2a: Suicune
|-resisted|p2a: Suicune
|-crit|p2a: Suicune
|-damage|p2a: Suicune|84\/100
|
|-weather|RainDance|[upkeep]
|-heal|p2a: Suicune|90\/100|[from] item: Leftovers
|-damage|p1a: Swampert|88\/100 brn|[from] brn
|upkeep
|turn|3
|choice|switch 5|move calmmind
|
|switch|p1a: Unown|Unown|100\/100
|move|p2a: Suicune|Calm Mind|p2a: Suicune
|-boost|p2a: Suicune|spa|1
|-boost|p2a: Suicune|spd|1
|
|-weather|RainDance|[upkeep]
|-heal|p2a: Suicune|96\/100|[from] item: Leftovers
|upkeep
|turn|4
|inactive|Battle timer is ON: inactive players will automatically lose when time's up. (requested by JK41)
|choice|move hiddenpower|move calmmind
|
|move|p2a: Suicune|Calm Mind|p2a: Suicune
|-boost|p2a: Suicune|spa|1
|-boost|p2a: Suicune|spd|1
|move|p1a: Unown|Hidden Power|p2a: Suicune
|-damage|p2a: Suicune|80\/100
|
|-weather|RainDance|[upkeep]
|-heal|p2a: Suicune|86\/100|[from] item: Leftovers
|upkeep
|turn|5
|choice|move hiddenpower|move calmmind
|
|move|p2a: Suicune|Calm Mind|p2a: Suicune
|-boost|p2a: Suicune|spa|1
|-boost|p2a: Suicune|spd|1
|move|p1a: Unown|Hidden Power|p2a: Suicune
|-damage|p2a: Suicune|71\/100
|
|-weather|none
|-heal|p2a: Suicune|77\/100|[from] item: Leftovers
|upkeep
|turn|6
|choice|switch 3|move calmmind
|
|switch|p1a: Garbodor|Garbodor, L79, M|100\/100
|move|p2a: Suicune|Calm Mind|p2a: Suicune
|-boost|p2a: Suicune|spa|1
|-boost|p2a: Suicune|spd|1
|
|-heal|p2a: Suicune|83\/100|[from] item: Leftovers
|upkeep
|turn|7
|choice|move haze|move scald
|
|move|p2a: Suicune|Scald|p1a: Garbodor
|-damage|p1a: Garbodor|16\/100
|-status|p1a: Garbodor|brn
|move|p1a: Garbodor|Haze|p1a: Garbodor
|-clearallboost
|
|-heal|p2a: Suicune|89\/100|[from] item: Leftovers
|-heal|p1a: Garbodor|22\/100 brn|[from] item: Black Sludge
|-damage|p1a: Garbodor|16\/100 brn|[from] brn
|upkeep
|turn|8
|choice|move toxic|move calmmind
|
|move|p2a: Suicune|Calm Mind|p2a: Suicune
|-boost|p2a: Suicune|spa|1
|-boost|p2a: Suicune|spd|1
|move|p1a: Garbodor|Toxic|p2a: Suicune
|-status|p2a: Suicune|tox
|
|-heal|p2a: Suicune|95\/100 tox|[from] item: Leftovers
|-heal|p1a: Garbodor|22\/100 brn|[from] item: Black Sludge
|-damage|p2a: Suicune|89\/100 tox|[from] psn
|-damage|p1a: Garbodor|16\/100 brn|[from] brn
|upkeep
|turn|9
|choice|move haze|move scald
|
|move|p2a: Suicune|Scald|p1a: Garbodor
|-damage|p1a: Garbodor|0 fnt
|faint|p1a: Garbodor
|
|-heal|p2a: Suicune|95\/100 tox|[from] item: Leftovers
|-damage|p2a: Suicune|83\/100 tox|[from] psn
|upkeep
|choice|switch 2|
|
|switch|p1a: Watchog|Watchog, L75, F|100\/100
|turn|10
|choice|move return|move scald
|
|move|p2a: Suicune|Scald|p1a: Watchog
|-damage|p1a: Watchog|40\/100
|move|p1a: Watchog|Return|p2a: Suicune
|-damage|p2a: Suicune|53\/100 tox
|
|-heal|p2a: Suicune|59\/100 tox|[from] item: Leftovers
|-heal|p1a: Watchog|46\/100|[from] item: Leftovers
|-damage|p2a: Suicune|41\/100 tox|[from] psn
|upkeep
|turn|11
|choice|move return|move rest
|
|move|p2a: Suicune|Rest|p2a: Suicune
|-status|p2a: Suicune|slp
|-heal|p2a: Suicune|100\/100 slp|[silent]
|-status|p2a: Suicune|slp|[from] move: Rest
|move|p1a: Watchog|Return|p2a: Suicune
|-damage|p2a: Suicune|71\/100 slp
|
|-heal|p2a: Suicune|77\/100 slp|[from] item: Leftovers
|-heal|p1a: Watchog|52\/100|[from] item: Leftovers
|upkeep
|turn|12
|choice|move swordsdance|move sleeptalk
|
|cant|p2a: Suicune|slp
|move|p2a: Suicune|Sleep Talk|p2a: Suicune
|move|p2a: Suicune|Rest|p2a: Suicune|[from]Sleep Talk
|-fail|p2a: Suicune
|move|p1a: Watchog|Swords Dance|p1a: Watchog
|-boost|p1a: Watchog|atk|2
|
|-heal|p2a: Suicune|83\/100 slp|[from] item: Leftovers
|-heal|p1a: Watchog|58\/100|[from] item: Leftovers
|upkeep
|turn|13
|choice|move return|move sleeptalk
|
|cant|p2a: Suicune|slp
|move|p2a: Suicune|Sleep Talk|p2a: Suicune
|move|p2a: Suicune|Scald|p1a: Watchog|[from]Sleep Talk
|-damage|p1a: Watchog|0 fnt
|faint|p1a: Watchog
|
|-heal|p2a: Suicune|89\/100 slp|[from] item: Leftovers
|upkeep
|choice|switch 5|
|
|switch|p1a: Swampert|Swampert-Mega, L75, M|88\/100 brn
|turn|14
|choice|move earthquake|move calmmind
|
|-curestatus|p2a: Suicune|slp|[msg]
|move|p2a: Suicune|Calm Mind|p2a: Suicune
|-boost|p2a: Suicune|spa|1
|-boost|p2a: Suicune|spd|1
|move|p1a: Swampert|Earthquake|p2a: Suicune
|-damage|p2a: Suicune|68\/100
|
|-heal|p2a: Suicune|74\/100|[from] item: Leftovers
|-damage|p1a: Swampert|82\/100 brn|[from] brn
|upkeep
|turn|15
|choice|move earthquake|move calmmind
|
|move|p2a: Suicune|Calm Mind|p2a: Suicune
|-boost|p2a: Suicune|spa|1
|-boost|p2a: Suicune|spd|1
|move|p1a: Swampert|Earthquake|p2a: Suicune
|-damage|p2a: Suicune|55\/100
|
|-heal|p2a: Suicune|61\/100|[from] item: Leftovers
|-damage|p1a: Swampert|76\/100 brn|[from] brn
|upkeep
|turn|16
|-message|BrightAmmy forfeited.
|
|win|JK41
|l|BrightAmmy
|raw|BrightAmmy's rating: 1747 &rarr; <strong>1721<\/strong><br \/>(-26 for losing)
|raw|JK41's rating: 1656 &rarr; <strong>1681<\/strong><br \/>(+25 for winning)</script>
</div>
<div class="battle-log battle-log-inline"><div class="inner"><div class="chat"><small>BrightAmmy joined.</small></div><div class="chat"><small>JK41 joined.</small></div><div style="padding:5px 0"><small>Format:</small> <br><strong>[Gen 7] Random Battle</strong></div><div class="rated"><strong>Rated battle</strong></div><div><small><em>Sleep Clause Mod:</em> Limit one foe put to sleep</small></div><div><small><em>HP Percentage Mod:</em> HP is shown in percentages</small></div><div>Battle between BrightAmmy and JK41 started!</div><div class="spacer"></div><div>Go! Swampert!</div><div class="spacer"></div><div>JK41 sent out <span class="battle-nickname-foe" title="Rotom-Heat">Rotom <small>(Rotom-Heat)</small></span>!</div><h2>Turn 1</h2><div class="spacer"></div><div><small><span class="battle-nickname" title="Swampert-Mega">Swampert</span>'s Swampertite is reacting to BrightAmmy's Mega Bracelet!<br><span class="battle-nickname" title="Swampert-Mega">Swampert</span> has Mega Evolved into Mega Swampert!</small></div><div class="spacer"></div><div>The opposing <span class="battle-nickname-foe" title="Rotom-Heat">Rotom</span> used <strong>Will-O-Wisp</strong>!</div><div><small><span class="battle-nickname" title="Swampert-Mega">Swampert</span> was burned!</small></div><div class="spacer"></div><div><span class="battle-nickname" title="Swampert-Mega">Swampert</span> used <strong>Rain Dance</strong>!</div><div><small>It started to rain!</small></div><div class="spacer"></div><div><small><span class="battle-nickname" title="Swampert-Mega">Swampert</span> was hurt by its burn!</small></div><h2>Turn 2</h2><div class="spacer"></div><div>JK41 withdrew <span class="battle-nickname-foe" title="Rotom-Heat">Rotom <small>(Rotom-Heat)</small></span>!</div><div class="spacer"></div><div>JK41 sent out Suicune!</div><div class="spacer"></div><div><span class="battle-nickname" title="Swampert-Mega">Swampert</span> used <strong>Waterfall</strong>!</div><div><small>It's not very effective... A critical hit! </small><small>The opposing <span class="battle-nickname-foe" title="Suicune">Suicune</span> lost 16% of its health!</small><br></div><div class="spacer"></div><div><small>The opposing <span class="battle-nickname-foe" title="Suicune">Suicune</span> restored a little HP using its Leftovers!</small></div><div><small><span class="battle-nickname" title="Swampert-Mega">Swampert</span> was hurt by its burn!</small></div><h2>Turn 3</h2><div class="spacer"></div><div><span class="battle-nickname" title="Swampert-Mega">Swampert</span>, come back!</div><div class="spacer"></div><div>Go! Unown!</div><div class="spacer"></div><div>The opposing <span class="battle-nickname-foe" title="Suicune">Suicune</span> used <strong>Calm Mind</strong>!</div><div><small>The opposing <span class="battle-nickname-foe" title="Suicune">Suicune</span>'s Special Attack rose! The opposing <span class="battle-nickname-foe" title="Suicune">Suicune</span>'s Special Defense rose! </small></div><div class="spacer"></div><div><small>The opposing <span class="battle-nickname-foe" title="Suicune">Suicune</span> restored a little HP using its Leftovers!</small></div><h2>Turn 4</h2><div class="chat message-error">Battle timer is ON: inactive players will automatically lose when time's up. (requested by JK41)</div><div class="spacer"></div><div>The opposing <span class="battle-nickname-foe" title="Suicune">Suicune</span> used <strong>Calm Mind</strong>!</div><div><small>The opposing <span class="battle-nickname-foe" title="Suicune">Suicune</span>'s Special Attack rose! The opposing <span class="battle-nickname-foe" title="Suicune">Suicune</span>'s Special Defense rose! </small></div><div class="spacer"></div><div><span class="battle-nickname" title="Unown">Unown</span> used <strong>Hidden Power</strong>!</div><div><small>The opposing <span class="battle-nickname-foe" title="Suicune">Suicune</span> lost 16% of its health!</small><br></div><div class="spacer"></div><div><small>The opposing <span class="battle-nickname-foe" title="Suicune">Suicune</span> restored a little HP using its Leftovers!</small></div><h2>Turn 5</h2><div class="spacer"></div><div>The opposing <span class="battle-nickname-foe" title="Suicune">Suicune</span> used <strong>Calm Mind</strong>!</div><div><small>The opposing <span class="battle-nickname-foe" title="Suicune">Suicune</span>'s Special Attack rose! The opposing <span class="battle-nickname-foe" title="Suicune">Suicune</span>'s Special Defense rose! </small></div><div class="spacer"></div><div><span class="battle-nickname" title="Unown">Unown</span> used <strong>Hidden Power</strong>!</div><div><small>The opposing <span class="battle-nickname-foe" title="Suicune">Suicune</span> lost 15% of its health!</small><br></div><div class="spacer"></div><div><small>The rain stopped.</small></div><div><small>The opposing <span class="battle-nickname-foe" title="Suicune">Suicune</span> restored a little HP using its Leftovers!</small></div><h2>Turn 6</h2><div class="spacer"></div><div><span class="battle-nickname" title="Unown">Unown</span>, come back!</div><div class="spacer"></div><div>Go! Garbodor!</div><div class="spacer"></div><div>The opposing <span class="battle-nickname-foe" title="Suicune">Suicune</span> used <strong>Calm Mind</strong>!</div><div><small>The opposing <span class="battle-nickname-foe" title="Suicune">Suicune</span>'s Special Attack rose! The opposing <span class="battle-nickname-foe" title="Suicune">Suicune</span>'s Special Defense rose! </small></div><div class="spacer"></div><div><small>The opposing <span class="battle-nickname-foe" title="Suicune">Suicune</span> restored a little HP using its Leftovers!</small></div><h2>Turn 7</h2><div class="spacer"></div><div>The opposing <span class="battle-nickname-foe" title="Suicune">Suicune</span> used <strong>Scald</strong>!</div><div><small><span class="battle-nickname" title="Garbodor">Garbodor</span> lost 84% of its health!</small><br></div><div><small><span class="battle-nickname" title="Garbodor">Garbodor</span> was burned!</small></div><div class="spacer"></div><div><span class="battle-nickname" title="Garbodor">Garbodor</span> used <strong>Haze</strong>!</div><div><small>All stat changes were eliminated!</small></div><div class="spacer"></div><div><small>The opposing <span class="battle-nickname-foe" title="Suicune">Suicune</span> restored a little HP using its Leftovers!</small></div><div><small><span class="battle-nickname" title="Garbodor">Garbodor</span> restored a little HP using its Black Sludge!</small></div><div><small><span class="battle-nickname" title="Garbodor">Garbodor</span> was hurt by its burn!</small></div><h2>Turn 8</h2><div class="spacer"></div><div>The opposing <span class="battle-nickname-foe" title="Suicune">Suicune</span> used <strong>Calm Mind</strong>!</div><div><small>The opposing <span class="battle-nickname-foe" title="Suicune">Suicune</span>'s Special Attack rose! The opposing <span class="battle-nickname-foe" title="Suicune">Suicune</span>'s Special Defense rose! </small></div><div class="spacer"></div><div><span class="battle-nickname" title="Garbodor">Garbodor</span> used <strong>Toxic</strong>!</div><div><small>The opposing <span class="battle-nickname-foe" title="Suicune">Suicune</span> was badly poisoned!</small></div><div class="spacer"></div><div><small>The opposing <span class="battle-nickname-foe" title="Suicune">Suicune</span> restored a little HP using its Leftovers!</small></div><div><small><span class="battle-nickname" title="Garbodor">Garbodor</span> restored a little HP using its Black Sludge!</small></div><div><small>The opposing <span class="battle-nickname-foe" title="Suicune">Suicune</span> was hurt by poison!</small></div><div><small><span class="battle-nickname" title="Garbodor">Garbodor</span> was hurt by its burn!</small></div><h2>Turn 9</h2><div class="spacer"></div><div>The opposing <span class="battle-nickname-foe" title="Suicune">Suicune</span> used <strong>Scald</strong>!</div><div><small><span class="battle-nickname" title="Garbodor">Garbodor</span> lost 16% of its health!</small><br></div><div class="spacer"></div><div><span class="battle-nickname" title="Garbodor">Garbodor</span> fainted!</div><div class="spacer"></div><div><small>The opposing <span class="battle-nickname-foe" title="Suicune">Suicune</span> restored a little HP using its Leftovers!</small></div><div><small>The opposing <span class="battle-nickname-foe" title="Suicune">Suicune</span> was hurt by poison!</small></div><div class="spacer"></div><div>Go! Watchog!</div><h2>Turn 10</h2><div class="spacer"></div><div>The opposing <span class="battle-nickname-foe" title="Suicune">Suicune</span> used <strong>Scald</strong>!</div><div><small><span class="battle-nickname" title="Watchog">Watchog</span> lost 60% of its health!</small><br></div><div class="spacer"></div><div><span class="battle-nickname" title="Watchog">Watchog</span> used <strong>Return</strong>!</div><div><small>The opposing <span class="battle-nickname-foe" title="Suicune">Suicune</span> lost 30% of its health!</small><br></div><div class="spacer"></div><div><small>The opposing <span class="battle-nickname-foe" title="Suicune">Suicune</span> restored a little HP using its Leftovers!</small></div><div><small><span class="battle-nickname" title="Watchog">Watchog</span> restored a little HP using its Leftovers!</small></div><div><small>The opposing <span class="battle-nickname-foe" title="Suicune">Suicune</span> was hurt by poison!</small></div><h2>Turn 11</h2><div class="spacer"></div><div>The opposing <span class="battle-nickname-foe" title="Suicune">Suicune</span> used <strong>Rest</strong>!</div><div><small>The opposing <span class="battle-nickname-foe" title="Suicune">Suicune</span> fell asleep!</small></div><div><small>The opposing <span class="battle-nickname-foe" title="Suicune">Suicune</span> slept and became healthy!</small></div><div class="spacer"></div><div><span class="battle-nickname" title="Watchog">Watchog</span> used <strong>Return</strong>!</div><div><small>The opposing <span class="battle-nickname-foe" title="Suicune">Suicune</span> lost 29% of its health!</small><br></div><div class="spacer"></div><div><small>The opposing <span class="battle-nickname-foe" title="Suicune">Suicune</span> restored a little HP using its Leftovers!</small></div><div><small><span class="battle-nickname" title="Watchog">Watchog</span> restored a little HP using its Leftovers!</small></div><h2>Turn 12</h2><div class="spacer"></div><div>The opposing <span class="battle-nickname-foe" title="Suicune">Suicune</span> is fast asleep.</div><div class="spacer"></div><div>The opposing <span class="battle-nickname-foe" title="Suicune">Suicune</span> used <strong>Sleep Talk</strong>!</div><div>The opposing <span class="battle-nickname-foe" title="Suicune">Suicune</span> used <strong>Rest</strong>!</div><div><small>But it failed!</small></div><div class="spacer"></div><div><span class="battle-nickname" title="Watchog">Watchog</span> used <strong>Swords Dance</strong>!</div><div><small><span class="battle-nickname" title="Watchog">Watchog</span>'s Attack rose sharply! </small></div><div class="spacer"></div><div><small>The opposing <span class="battle-nickname-foe" title="Suicune">Suicune</span> restored a little HP using its Leftovers!</small></div><div><small><span class="battle-nickname" title="Watchog">Watchog</span> restored a little HP using its Leftovers!</small></div><h2>Turn 13</h2><div class="spacer"></div><div>The opposing <span class="battle-nickname-foe" title="Suicune">Suicune</span> is fast asleep.</div><div class="spacer"></div><div>The opposing <span class="battle-nickname-foe" title="Suicune">Suicune</span> used <strong>Sleep Talk</strong>!</div><div>The opposing <span class="battle-nickname-foe" title="Suicune">Suicune</span> used <strong>Scald</strong>!</div><div><small><span class="battle-nickname" title="Watchog">Watchog</span> lost 57% of its health!</small><br></div><div class="spacer"></div><div><span class="battle-nickname" title="Watchog">Watchog</span> fainted!</div><div class="spacer"></div><div><small>The opposing <span class="battle-nickname-foe" title="Suicune">Suicune</span> restored a little HP using its Leftovers!</small></div><div class="spacer"></div><div>Go! <span class="battle-nickname" title="Swampert-Mega">Swampert <small>(Swampert-Mega)</small></span>!</div><h2>Turn 14</h2><div class="spacer"></div><div><small>The opposing <span class="battle-nickname-foe" title="Suicune">Suicune</span> woke up!</small></div><div class="spacer"></div><div>The opposing <span class="battle-nickname-foe" title="Suicune">Suicune</span> used <strong>Calm Mind</strong>!</div><div><small>The opposing <span class="battle-nickname-foe" title="Suicune">Suicune</span>'s Special Attack rose! The opposing <span class="battle-nickname-foe" title="Suicune">Suicune</span>'s Special Defense rose! </small></div><div class="spacer"></div><div><span class="battle-nickname" title="Swampert-Mega">Swampert</span> used <strong>Earthquake</strong>!</div><div><small>The opposing <span class="battle-nickname-foe" title="Suicune">Suicune</span> lost 21% of its health!</small><br></div><div class="spacer"></div><div><small>The opposing <span class="battle-nickname-foe" title="Suicune">Suicune</span> restored a little HP using its Leftovers!</small></div><div><small><span class="battle-nickname" title="Swampert-Mega">Swampert</span> was hurt by its burn!</small></div><h2>Turn 15</h2><div class="spacer"></div><div>The opposing <span class="battle-nickname-foe" title="Suicune">Suicune</span> used <strong>Calm Mind</strong>!</div><div><small>The opposing <span class="battle-nickname-foe" title="Suicune">Suicune</span>'s Special Attack rose! The opposing <span class="battle-nickname-foe" title="Suicune">Suicune</span>'s Special Defense rose! </small></div><div class="spacer"></div><div><span class="battle-nickname" title="Swampert-Mega">Swampert</span> used <strong>Earthquake</strong>!</div><div><small>The opposing <span class="battle-nickname-foe" title="Suicune">Suicune</span> lost 19% of its health!</small><br></div><div class="spacer"></div><div><small>The opposing <span class="battle-nickname-foe" title="Suicune">Suicune</span> restored a little HP using its Leftovers!</small></div><div><small><span class="battle-nickname" title="Swampert-Mega">Swampert</span> was hurt by its burn!</small></div><h2>Turn 16</h2><div class="spacer"></div><div><small>BrightAmmy forfeited.</small></div><div class="spacer"></div><div>JK41 won the battle!</div><div class="chat"><small>BrightAmmy left.</small></div><div class="chat">BrightAmmy's rating: 1747 → <strong>1721</strong><br>(-26 for losing)</div><div class="chat">JK41's rating: 1656 → <strong>1681</strong><br>(+25 for winning)</div></div></div>
</div>
<script>
var daily = Math.floor(Date.now()/1000/60/60/24);document.write('<script src="https://play.pokemonshowdown.com/js/replay-embed.js?version'+daily+'"></'+'script>');
</script>
