<!DOCTYPE html>
<meta charset="utf-8" />
<!-- version 1 -->
<title>[Gen 7] Random Battle replay: Jikage vs. aaditmshah</title>
<style>
html,body {font-family:Verdana, sans-serif;font-size:10pt;margin:0;padding:0;}body{padding:12px 0;} .battle-log {font-family:Verdana, sans-serif;font-size:10pt;} .battle-log-inline {border:1px solid #AAAAAA;background:#EEF2F5;color:black;max-width:640px;margin:0 auto 80px;padding-bottom:5px;} .battle-log .inner {padding:4px 8px 0px 8px;} .battle-log .inner-preempt {padding:0 8px 4px 8px;} .battle-log .inner-after {margin-top:0.5em;} .battle-log h2 {margin:0.5em -8px;padding:4px 8px;border:1px solid #AAAAAA;background:#E0E7EA;border-left:0;border-right:0;font-family:Verdana, sans-serif;font-size:13pt;} .battle-log .chat {vertical-align:middle;padding:3px 0 3px 0;font-size:8pt;} .battle-log .chat strong {color:#40576A;} .battle-log .chat em {padding:1px 4px 1px 3px;color:#000000;font-style:normal;} .chat.mine {background:rgba(0,0,0,0.05);margin-left:-8px;margin-right:-8px;padding-left:8px;padding-right:8px;} .spoiler {color:#BBBBBB;background:#BBBBBB;padding:0px 3px;} .spoiler:hover, .spoiler:active, .spoiler-shown {color:#000000;background:#E2E2E2;padding:0px 3px;} .spoiler a {color:#BBBBBB;} .spoiler:hover a, .spoiler:active a, .spoiler-shown a {color:#2288CC;} .chat code, .chat .spoiler:hover code, .chat .spoiler:active code, .chat .spoiler-shown code {border:1px solid #C0C0C0;background:#EEEEEE;color:black;padding:0 2px;} .chat .spoiler code {border:1px solid #CCCCCC;background:#CCCCCC;color:#CCCCCC;} .battle-log .rated {padding:3px 4px;} .battle-log .rated strong {color:white;background:#89A;padding:1px 4px;border-radius:4px;} .spacer {margin-top:0.5em;} .message-announce {background:#6688AA;color:white;padding:1px 4px 2px;} .message-announce a, .broadcast-green a, .broadcast-blue a, .broadcast-red a {color:#DDEEFF;} .broadcast-green {background-color:#559955;color:white;padding:2px 4px;} .broadcast-blue {background-color:#6688AA;color:white;padding:2px 4px;} .infobox {border:1px solid #6688AA;padding:2px 4px;} .infobox-limited {max-height:200px;overflow:auto;overflow-x:hidden;} .broadcast-red {background-color:#AA5544;color:white;padding:2px 4px;} .message-learn-canlearn {font-weight:bold;color:#228822;text-decoration:underline;} .message-learn-cannotlearn {font-weight:bold;color:#CC2222;text-decoration:underline;} .message-effect-weak {font-weight:bold;color:#CC2222;} .message-effect-resist {font-weight:bold;color:#6688AA;} .message-effect-immune {font-weight:bold;color:#666666;} .message-learn-list {margin-top:0;margin-bottom:0;} .message-throttle-notice, .message-error {color:#992222;} .message-overflow, .chat small.message-overflow {font-size:0pt;} .message-overflow::before {font-size:9pt;content:'...';} .subtle {color:#3A4A66;}
</style>
<div class="wrapper replay-wrapper" style="max-width:1180px;margin:0 auto">
<input type="hidden" name="replayid" value="gen7randombattle-566960591" />
<div class="battle"></div><div class="battle-log"></div><div class="replay-controls"></div><div class="replay-controls-2"></div>
<h1 style="font-weight:normal;text-align:center"><strong>[Gen 7] Random Battle</strong><br /><a href="http://pokemonshowdown.com/users/jikage" class="subtle" target="_blank">Jikage</a> vs. <a href="http://pokemonshowdown.com/users/aaditmshah" class="subtle" target="_blank">aaditmshah</a></h1>
<script type="text/plain" class="battle-log-data">|j|Jikage
|j|aaditmshah
|player|p1|Jikage|169
|player|p2|aaditmshah|266
|gametype|singles
|gen|7
|tier|[Gen 7] Random Battle
|rated
|seed|64811,58933,39314,63927,897,54194,63842,27668,6690,38222,39936,14237
|rule|Sleep Clause Mod: Limit one foe put to sleep
|rule|HP Percentage Mod: HP is shown in percentages
|
|start
|switch|p1a: Lunatone|Lunatone, L79|100\/100
|switch|p2a: Kabutops|Kabutops, L79, F|100\/100
|turn|1
|inactive|Battle timer is ON: inactive players will automatically lose when time's up. (requested by aaditmshah)
|choice|switch 5|move knockoff
|
|switch|p1a: Quagsire|Quagsire, L79, F|100\/100
|move|p2a: Kabutops|Knock Off|p1a: Quagsire
|-damage|p1a: Quagsire|67\/100
|-enditem|p1a: Quagsire|Leftovers|[from] move: Knock Off|[of] p2a: Kabutops
|-damage|p2a: Kabutops|91\/100|[from] item: Life Orb
|
|upkeep
|turn|2
|choice|move toxic|switch 3
|
|switch|p2a: Sunflora|Sunflora, L79, M|100\/100
|move|p1a: Quagsire|Toxic|p2a: Sunflora
|-status|p2a: Sunflora|tox
|
|-damage|p2a: Sunflora|94\/100 tox|[from] psn
|upkeep
|turn|3
|choice|switch 2|move gigadrain
|
|switch|p1a: Cobalion|Cobalion, L77|100\/100
|-item|p1a: Cobalion|Air Balloon
|move|p2a: Sunflora|Giga Drain|p1a: Cobalion
|-resisted|p1a: Cobalion
|-damage|p1a: Cobalion|76\/100
|-heal|p2a: Sunflora|100\/100 tox|[from] drain|[of] p1a: Cobalion
|-enditem|p1a: Cobalion|Air Balloon
|-damage|p2a: Sunflora|91\/100 tox|[from] item: Life Orb
|
|-damage|p2a: Sunflora|79\/100 tox|[from] psn
|upkeep
|turn|4
|choice|move swordsdance|move sunnyday
|
|move|p1a: Cobalion|Swords Dance|p1a: Cobalion
|-boost|p1a: Cobalion|atk|2
|move|p2a: Sunflora|Sunny Day|p2a: Sunflora
|-weather|SunnyDay
|
|-weather|SunnyDay|[upkeep]
|-damage|p2a: Sunflora|61\/100 tox|[from] psn
|upkeep
|turn|5
|choice|move ironhead|move hiddenpower
|
|move|p1a: Cobalion|Iron Head|p2a: Sunflora
|-crit|p2a: Sunflora
|-damage|p2a: Sunflora|0 fnt
|faint|p2a: Sunflora
|
|-weather|SunnyDay|[upkeep]
|upkeep
|choice||switch 6
|
|switch|p2a: Solgaleo|Solgaleo, L73|100\/100
|turn|6
|choice|move closecombat|move earthquake
|
|move|p1a: Cobalion|Close Combat|p2a: Solgaleo
|-damage|p2a: Solgaleo|35\/100
|-unboost|p1a: Cobalion|def|1
|-unboost|p1a: Cobalion|spd|1
|move|p2a: Solgaleo|Earthquake|p1a: Cobalion
|-supereffective|p1a: Cobalion
|-damage|p1a: Cobalion|6\/100
|
|-weather|SunnyDay|[upkeep]
|-heal|p2a: Solgaleo|41\/100|[from] item: Leftovers
|upkeep
|turn|7
|choice|move closecombat|move morningsun
|
|move|p1a: Cobalion|Close Combat|p2a: Solgaleo
|-damage|p2a: Solgaleo|0 fnt
|-unboost|p1a: Cobalion|def|1
|-unboost|p1a: Cobalion|spd|1
|faint|p2a: Solgaleo
|
|-weather|SunnyDay|[upkeep]
|upkeep
|choice||switch 4
|
|switch|p2a: Greninja|Greninja, L75, M|100\/100
|turn|8
|choice|move ironhead|move darkpulse
|
|move|p2a: Greninja|Dark Pulse|p1a: Cobalion
|-resisted|p1a: Cobalion
|-damage|p1a: Cobalion|0 fnt
|faint|p1a: Cobalion
|-activate|p2a: Greninja|ability: Battle Bond
|detailschange|p2a: Greninja|Greninja-Ash, L75, M
|
|-weather|none
|upkeep
|choice|switch 3|
|
|switch|p1a: Barbaracle|Barbaracle, L79, F|100\/100
|turn|9
|choice|move shellsmash|move darkpulse
|
|move|p2a: Greninja|Dark Pulse|p1a: Barbaracle
|-damage|p1a: Barbaracle|32\/100
|move|p1a: Barbaracle|Shell Smash|p1a: Barbaracle
|-unboost|p1a: Barbaracle|def|1
|-unboost|p1a: Barbaracle|spd|1
|-boost|p1a: Barbaracle|atk|2
|-boost|p1a: Barbaracle|spa|2
|-boost|p1a: Barbaracle|spe|2
|-enditem|p1a: Barbaracle|White Herb
|-clearnegativeboost|p1a: Barbaracle|[silent]
|
|upkeep
|turn|10
|choice|move stoneedge|switch 2
|
|switch|p2a: Carbink|Carbink, L79|100\/100
|move|p1a: Barbaracle|Stone Edge|p2a: Carbink
|-damage|p2a: Carbink|36\/100
|
|upkeep
|turn|11
|choice|move razorshell|move stealthrock
|
|move|p1a: Barbaracle|Razor Shell|p2a: Carbink
|-supereffective|p2a: Carbink
|-damage|p2a: Carbink|0 fnt
|faint|p2a: Carbink
|
|upkeep
|choice||switch 2
|
|switch|p2a: Greninja|Greninja-Ash, L75, M|100\/100
|turn|12
|choice|move stoneedge|move watershuriken
|
|move|p2a: Greninja|Water Shuriken|p1a: Barbaracle
|-damage|p1a: Barbaracle|15\/100
|-damage|p1a: Barbaracle|0 fnt
|-hitcount|p1a: Barbaracle|2
|faint|p1a: Barbaracle
|
|upkeep
|choice|switch 4|
|
|switch|p1a: Beartic|Beartic, L79, F|100\/100
|turn|13
|choice|move iciclecrash|switch 5
|
|switch|p2a: Farfetch'd|Farfetch'd, L79, M|100\/100
|move|p1a: Beartic|Icicle Crash|p2a: Farfetch'd
|-supereffective|p2a: Farfetch'd
|-damage|p2a: Farfetch'd|0 fnt
|faint|p2a: Farfetch'd
|
|upkeep
|choice||switch 5
|
|switch|p2a: Greninja|Greninja-Ash, L75, M|100\/100
|turn|14
|choice|move iciclecrash|move hydropump
|
|move|p2a: Greninja|Hydro Pump|p1a: Beartic
|-damage|p1a: Beartic|10\/100
|move|p1a: Beartic|Icicle Crash|p2a: Greninja
|-resisted|p2a: Greninja
|-damage|p2a: Greninja|55\/100
|
|upkeep
|turn|15
|choice|move iciclecrash|move hydropump
|
|move|p2a: Greninja|Hydro Pump|p1a: Beartic
|-damage|p1a: Beartic|0 fnt
|faint|p1a: Beartic
|
|upkeep
|choice|switch 2|
|
|switch|p1a: Quagsire|Quagsire, L79, F|67\/100
|turn|16
|choice|move recover|switch 3
|
|switch|p2a: Kabutops|Kabutops, L79, F|91\/100
|move|p1a: Quagsire|Recover|p1a: Quagsire
|-heal|p1a: Quagsire|100\/100
|
|upkeep
|turn|17
|choice|move scald|move waterfall
|
|move|p2a: Kabutops|Waterfall|p1a: Quagsire
|-immune|p1a: Quagsire|[msg]|[from] ability: Water Absorb
|move|p1a: Quagsire|Scald|p2a: Kabutops
|-damage|p2a: Kabutops|59\/100
|-status|p2a: Kabutops|brn
|
|-damage|p2a: Kabutops|52\/100 brn|[from] brn
|upkeep
|turn|18
|choice|move scald|move swordsdance
|
|move|p2a: Kabutops|Swords Dance|p2a: Kabutops
|-boost|p2a: Kabutops|atk|2
|move|p1a: Quagsire|Scald|p2a: Kabutops
|-damage|p2a: Kabutops|18\/100 brn
|
|-damage|p2a: Kabutops|12\/100 brn|[from] brn
|upkeep
|turn|19
|choice|switch 6|move knockoff
|
|switch|p1a: Unown|Unown|100\/100
|move|p2a: Kabutops|Knock Off|p1a: Unown
|-supereffective|p1a: Unown
|-damage|p1a: Unown|6\/100
|-enditem|p1a: Unown|Choice Specs|[from] move: Knock Off|[of] p2a: Kabutops
|-damage|p2a: Kabutops|2\/100 brn|[from] item: Life Orb
|
|-damage|p2a: Kabutops|0 fnt|[from] brn
|upkeep
|faint|p2a: Kabutops
|choice||switch 3
|
|switch|p2a: Greninja|Greninja-Ash, L75, M|55\/100
|turn|20
|choice|move hiddenpower|move darkpulse
|
|move|p2a: Greninja|Dark Pulse|p1a: Unown
|-supereffective|p1a: Unown
|-damage|p1a: Unown|0 fnt
|faint|p1a: Unown
|
|upkeep
|choice|switch 6|
|
|switch|p1a: Quagsire|Quagsire, L79, F|100\/100
|turn|21
|choice|move toxic|move darkpulse
|
|move|p2a: Greninja|Dark Pulse|p1a: Quagsire
|-damage|p1a: Quagsire|34\/100
|move|p1a: Quagsire|Toxic|p2a: Greninja
|-status|p2a: Greninja|tox
|
|-damage|p2a: Greninja|49\/100 tox|[from] psn
|upkeep
|turn|22
|choice|move recover|move darkpulse
|
|move|p2a: Greninja|Dark Pulse|p1a: Quagsire
|-damage|p1a: Quagsire|0 fnt
|faint|p1a: Quagsire
|
|-damage|p2a: Greninja|37\/100 tox|[from] psn
|upkeep
|choice|switch 5|
|
|switch|p1a: Lunatone|Lunatone, L79|100\/100
|turn|23
|c|☆aaditmshah|gg
|c|☆Jikage|random giving me unown :(
|choice|move icebeam|move darkpulse
|
|move|p2a: Greninja|Dark Pulse|p1a: Lunatone
|-supereffective|p1a: Lunatone
|-enditem|p1a: Lunatone|Focus Sash
|-damage|p1a: Lunatone|1\/100
|move|p1a: Lunatone|Ice Beam|p2a: Greninja
|-resisted|p2a: Greninja
|-damage|p2a: Greninja|23\/100 tox
|
|-damage|p2a: Greninja|5\/100 tox|[from] psn
|upkeep
|turn|24
|c|☆aaditmshah|Close one.
|choice|move powergem|move darkpulse
|
|move|p2a: Greninja|Dark Pulse|p1a: Lunatone
|-supereffective|p1a: Lunatone
|-damage|p1a: Lunatone|0 fnt
|faint|p1a: Lunatone
|
|win|aaditmshah
|l|Jikage</script>
</div>
<div class="battle-log battle-log-inline"><div class="inner"><div class="chat"><small>Jikage joined.</small></div><div class="chat"><small>aaditmshah joined.</small></div><div style="padding:5px 0"><small>Format:</small> <br><strong>[Gen 7] Random Battle</strong></div><div class="rated"><strong>Rated battle</strong></div><div><small><em>Sleep Clause Mod:</em> Limit one foe put to sleep</small></div><div><small><em>HP Percentage Mod:</em> HP is shown in percentages</small></div><div>Battle between Jikage and aaditmshah started!</div><div class="spacer"></div><div>Go! Lunatone!</div><div class="spacer"></div><div>aaditmshah sent out Kabutops!</div><h2>Turn 1</h2><div class="chat message-error">Battle timer is ON: inactive players will automatically lose when time's up. (requested by aaditmshah)</div><div class="spacer"></div><div><span class="battle-nickname" title="Lunatone">Lunatone</span>, come back!</div><div class="spacer"></div><div>Go! Quagsire!</div><div class="spacer"></div><div>The opposing <span class="battle-nickname-foe" title="Kabutops">Kabutops</span> used <strong>Knock Off</strong>!</div><div><small><span class="battle-nickname" title="Quagsire">Quagsire</span> lost 33% of its health!</small><br></div><div><small>The opposing <span class="battle-nickname-foe" title="Kabutops">Kabutops</span> knocked off <span class="battle-nickname" title="Quagsire">Quagsire</span>'s Leftovers!</small></div><div><small>The opposing <span class="battle-nickname-foe" title="Kabutops">Kabutops</span> lost some of its HP!</small></div><h2>Turn 2</h2><div class="spacer"></div><div>aaditmshah withdrew Kabutops!</div><div class="spacer"></div><div>aaditmshah sent out Sunflora!</div><div class="spacer"></div><div><span class="battle-nickname" title="Quagsire">Quagsire</span> used <strong>Toxic</strong>!</div><div><small>The opposing <span class="battle-nickname-foe" title="Sunflora">Sunflora</span> was badly poisoned!</small></div><div class="spacer"></div><div><small>The opposing <span class="battle-nickname-foe" title="Sunflora">Sunflora</span> was hurt by poison!</small></div><h2>Turn 3</h2><div class="spacer"></div><div><span class="battle-nickname" title="Quagsire">Quagsire</span>, come back!</div><div class="spacer"></div><div>Go! Cobalion!</div><div><small><span class="battle-nickname" title="Cobalion">Cobalion</span> floats in the air with its Air Balloon!</small></div><div class="spacer"></div><div>The opposing <span class="battle-nickname-foe" title="Sunflora">Sunflora</span> used <strong>Giga Drain</strong>!</div><div><small>It's not very effective... </small><small><span class="battle-nickname" title="Cobalion">Cobalion</span> lost 24% of its health!</small><br></div><div><small><span class="battle-nickname" title="Cobalion">Cobalion</span> had its energy drained!</small></div><div><small><span class="battle-nickname" title="Cobalion">Cobalion</span>'s Air Balloon popped!</small></div><div><small>The opposing <span class="battle-nickname-foe" title="Sunflora">Sunflora</span> lost some of its HP!</small></div><div class="spacer"></div><div><small>The opposing <span class="battle-nickname-foe" title="Sunflora">Sunflora</span> was hurt by poison!</small></div><h2>Turn 4</h2><div class="spacer"></div><div><span class="battle-nickname" title="Cobalion">Cobalion</span> used <strong>Swords Dance</strong>!</div><div><small><span class="battle-nickname" title="Cobalion">Cobalion</span>'s Attack rose sharply! </small></div><div class="spacer"></div><div>The opposing <span class="battle-nickname-foe" title="Sunflora">Sunflora</span> used <strong>Sunny Day</strong>!</div><div><small>The sunlight turned harsh!</small></div><div class="spacer"></div><div><small>The opposing <span class="battle-nickname-foe" title="Sunflora">Sunflora</span> was hurt by poison!</small></div><h2>Turn 5</h2><div class="spacer"></div><div><span class="battle-nickname" title="Cobalion">Cobalion</span> used <strong>Iron Head</strong>!</div><div><small>A critical hit! </small><small>The opposing <span class="battle-nickname-foe" title="Sunflora">Sunflora</span> lost 61% of its health!</small><br></div><div class="spacer"></div><div>The opposing <span class="battle-nickname-foe" title="Sunflora">Sunflora</span> fainted!</div><div class="spacer"></div><div>aaditmshah sent out Solgaleo!</div><h2>Turn 6</h2><div class="spacer"></div><div><span class="battle-nickname" title="Cobalion">Cobalion</span> used <strong>Close Combat</strong>!</div><div><small>The opposing <span class="battle-nickname-foe" title="Solgaleo">Solgaleo</span> lost 65% of its health!</small><br></div><div><small><span class="battle-nickname" title="Cobalion">Cobalion</span>'s Defense fell! <span class="battle-nickname" title="Cobalion">Cobalion</span>'s Special Defense fell! </small></div><div class="spacer"></div><div>The opposing <span class="battle-nickname-foe" title="Solgaleo">Solgaleo</span> used <strong>Earthquake</strong>!</div><div><small>It's super effective! </small><small><span class="battle-nickname" title="Cobalion">Cobalion</span> lost 70% of its health!</small><br></div><div class="spacer"></div><div><small>The opposing <span class="battle-nickname-foe" title="Solgaleo">Solgaleo</span> restored a little HP using its Leftovers!</small></div><h2>Turn 7</h2><div class="spacer"></div><div><span class="battle-nickname" title="Cobalion">Cobalion</span> used <strong>Close Combat</strong>!</div><div><small>The opposing <span class="battle-nickname-foe" title="Solgaleo">Solgaleo</span> lost 41% of its health!</small><br></div><div><small><span class="battle-nickname" title="Cobalion">Cobalion</span>'s Defense fell! <span class="battle-nickname" title="Cobalion">Cobalion</span>'s Special Defense fell! </small></div><div class="spacer"></div><div>The opposing <span class="battle-nickname-foe" title="Solgaleo">Solgaleo</span> fainted!</div><div class="spacer"></div><div>aaditmshah sent out Greninja!</div><h2>Turn 8</h2><div class="spacer"></div><div>The opposing <span class="battle-nickname-foe" title="Greninja">Greninja</span> used <strong>Dark Pulse</strong>!</div><div><small>It's not very effective... </small><small><span class="battle-nickname" title="Cobalion">Cobalion</span> lost 6% of its health!</small><br></div><div class="spacer"></div><div><span class="battle-nickname" title="Cobalion">Cobalion</span> fainted!</div><div><small>[Opposing <span class="battle-nickname-foe" title="Greninja">Greninja</span>'s Battle Bond!]</small></div><div><small>The opposing <span class="battle-nickname-foe" title="Greninja">Greninja</span> became fully charged due to its bond with its Trainer!</small></div><div class="spacer"></div><div><small>The opposing <span class="battle-nickname-foe" title="Greninja-Ash">Greninja</span> became Ash-Greninja!</small></div><div class="spacer"></div><div><small>The sunlight faded.</small></div><div class="spacer"></div><div>Go! Barbaracle!</div><h2>Turn 9</h2><div class="spacer"></div><div>The opposing <span class="battle-nickname-foe" title="Greninja-Ash">Greninja</span> used <strong>Dark Pulse</strong>!</div><div><small><span class="battle-nickname" title="Barbaracle">Barbaracle</span> lost 68% of its health!</small><br></div><div class="spacer"></div><div><span class="battle-nickname" title="Barbaracle">Barbaracle</span> used <strong>Shell Smash</strong>!</div><div><small><span class="battle-nickname" title="Barbaracle">Barbaracle</span>'s Defense fell! <span class="battle-nickname" title="Barbaracle">Barbaracle</span>'s Special Defense fell! </small></div><div><small><span class="battle-nickname" title="Barbaracle">Barbaracle</span>'s Attack rose sharply! <span class="battle-nickname" title="Barbaracle">Barbaracle</span>'s Special Attack rose sharply! <span class="battle-nickname" title="Barbaracle">Barbaracle</span>'s Speed rose sharply! </small></div><div><small><span class="battle-nickname" title="Barbaracle">Barbaracle</span> returned its status to normal using its White Herb!</small></div><h2>Turn 10</h2><div class="spacer"></div><div>aaditmshah withdrew <span class="battle-nickname-foe" title="Greninja-Ash">Greninja <small>(Greninja-Ash)</small></span>!</div><div class="spacer"></div><div>aaditmshah sent out Carbink!</div><div class="spacer"></div><div><span class="battle-nickname" title="Barbaracle">Barbaracle</span> used <strong>Stone Edge</strong>!</div><div><small>The opposing <span class="battle-nickname-foe" title="Carbink">Carbink</span> lost 64% of its health!</small><br></div><h2>Turn 11</h2><div class="spacer"></div><div><span class="battle-nickname" title="Barbaracle">Barbaracle</span> used <strong>Razor Shell</strong>!</div><div><small>It's super effective! </small><small>The opposing <span class="battle-nickname-foe" title="Carbink">Carbink</span> lost 36% of its health!</small><br></div><div class="spacer"></div><div>The opposing <span class="battle-nickname-foe" title="Carbink">Carbink</span> fainted!</div><div class="spacer"></div><div>aaditmshah sent out <span class="battle-nickname-foe" title="Greninja-Ash">Greninja <small>(Greninja-Ash)</small></span>!</div><h2>Turn 12</h2><div class="spacer"></div><div>The opposing <span class="battle-nickname-foe" title="Greninja-Ash">Greninja</span> used <strong>Water Shuriken</strong>!</div><div><small><span class="battle-nickname" title="Barbaracle">Barbaracle</span> lost 17% of its health!</small><br></div><div><small><span class="battle-nickname" title="Barbaracle">Barbaracle</span> lost 15% of its health!</small><br></div><div><small>Hit 2 times!</small></div><div class="spacer"></div><div><span class="battle-nickname" title="Barbaracle">Barbaracle</span> fainted!</div><div class="spacer"></div><div>Go! Beartic!</div><h2>Turn 13</h2><div class="spacer"></div><div>aaditmshah withdrew <span class="battle-nickname-foe" title="Greninja-Ash">Greninja <small>(Greninja-Ash)</small></span>!</div><div class="spacer"></div><div>aaditmshah sent out Farfetch'd!</div><div class="spacer"></div><div><span class="battle-nickname" title="Beartic">Beartic</span> used <strong>Icicle Crash</strong>!</div><div><small>It's super effective! </small><small>The opposing <span class="battle-nickname-foe" title="Farfetch'd">Farfetch'd</span> lost 100% of its health!</small><br></div><div class="spacer"></div><div>The opposing <span class="battle-nickname-foe" title="Farfetch'd">Farfetch'd</span> fainted!</div><div class="spacer"></div><div>aaditmshah sent out <span class="battle-nickname-foe" title="Greninja-Ash">Greninja <small>(Greninja-Ash)</small></span>!</div><h2>Turn 14</h2><div class="spacer"></div><div>The opposing <span class="battle-nickname-foe" title="Greninja-Ash">Greninja</span> used <strong>Hydro Pump</strong>!</div><div><small><span class="battle-nickname" title="Beartic">Beartic</span> lost 90% of its health!</small><br></div><div class="spacer"></div><div><span class="battle-nickname" title="Beartic">Beartic</span> used <strong>Icicle Crash</strong>!</div><div><small>It's not very effective... </small><small>The opposing <span class="battle-nickname-foe" title="Greninja-Ash">Greninja</span> lost 45% of its health!</small><br></div><h2>Turn 15</h2><div class="spacer"></div><div>The opposing <span class="battle-nickname-foe" title="Greninja-Ash">Greninja</span> used <strong>Hydro Pump</strong>!</div><div><small><span class="battle-nickname" title="Beartic">Beartic</span> lost 10% of its health!</small><br></div><div class="spacer"></div><div><span class="battle-nickname" title="Beartic">Beartic</span> fainted!</div><div class="spacer"></div><div>Go! Quagsire!</div><h2>Turn 16</h2><div class="spacer"></div><div>aaditmshah withdrew <span class="battle-nickname-foe" title="Greninja-Ash">Greninja <small>(Greninja-Ash)</small></span>!</div><div class="spacer"></div><div>aaditmshah sent out Kabutops!</div><div class="spacer"></div><div><span class="battle-nickname" title="Quagsire">Quagsire</span> used <strong>Recover</strong>!</div><div><small><span class="battle-nickname" title="Quagsire">Quagsire</span> restored its HP.</small></div><h2>Turn 17</h2><div class="spacer"></div><div>The opposing <span class="battle-nickname-foe" title="Kabutops">Kabutops</span> used <strong>Waterfall</strong>!</div><div><small>[<span class="battle-nickname" title="Quagsire">Quagsire</span>'s Water Absorb!]</small></div><div><small>It doesn't affect <span class="battle-nickname" title="Quagsire">Quagsire</span>... </small></div><div class="spacer"></div><div><span class="battle-nickname" title="Quagsire">Quagsire</span> used <strong>Scald</strong>!</div><div><small>The opposing <span class="battle-nickname-foe" title="Kabutops">Kabutops</span> lost 32% of its health!</small><br></div><div><small>The opposing <span class="battle-nickname-foe" title="Kabutops">Kabutops</span> was burned!</small></div><div class="spacer"></div><div><small>The opposing <span class="battle-nickname-foe" title="Kabutops">Kabutops</span> was hurt by its burn!</small></div><h2>Turn 18</h2><div class="spacer"></div><div>The opposing <span class="battle-nickname-foe" title="Kabutops">Kabutops</span> used <strong>Swords Dance</strong>!</div><div><small>The opposing <span class="battle-nickname-foe" title="Kabutops">Kabutops</span>'s Attack rose sharply! </small></div><div class="spacer"></div><div><span class="battle-nickname" title="Quagsire">Quagsire</span> used <strong>Scald</strong>!</div><div><small>The opposing <span class="battle-nickname-foe" title="Kabutops">Kabutops</span> lost 34% of its health!</small><br></div><div class="spacer"></div><div><small>The opposing <span class="battle-nickname-foe" title="Kabutops">Kabutops</span> was hurt by its burn!</small></div><h2>Turn 19</h2><div class="spacer"></div><div><span class="battle-nickname" title="Quagsire">Quagsire</span>, come back!</div><div class="spacer"></div><div>Go! Unown!</div><div class="spacer"></div><div>The opposing <span class="battle-nickname-foe" title="Kabutops">Kabutops</span> used <strong>Knock Off</strong>!</div><div><small>It's super effective! </small><small><span class="battle-nickname" title="Unown">Unown</span> lost 94% of its health!</small><br></div><div><small>The opposing <span class="battle-nickname-foe" title="Kabutops">Kabutops</span> knocked off <span class="battle-nickname" title="Unown">Unown</span>'s Choice Specs!</small></div><div><small>The opposing <span class="battle-nickname-foe" title="Kabutops">Kabutops</span> lost some of its HP!</small></div><div class="spacer"></div><div><small>The opposing <span class="battle-nickname-foe" title="Kabutops">Kabutops</span> was hurt by its burn!</small></div><div class="spacer"></div><div>The opposing <span class="battle-nickname-foe" title="Kabutops">Kabutops</span> fainted!</div><div class="spacer"></div><div>aaditmshah sent out <span class="battle-nickname-foe" title="Greninja-Ash">Greninja <small>(Greninja-Ash)</small></span>!</div><h2>Turn 20</h2><div class="spacer"></div><div>The opposing <span class="battle-nickname-foe" title="Greninja-Ash">Greninja</span> used <strong>Dark Pulse</strong>!</div><div><small>It's super effective! </small><small><span class="battle-nickname" title="Unown">Unown</span> lost 6% of its health!</small><br></div><div class="spacer"></div><div><span class="battle-nickname" title="Unown">Unown</span> fainted!</div><div class="spacer"></div><div>Go! Quagsire!</div><h2>Turn 21</h2><div class="spacer"></div><div>The opposing <span class="battle-nickname-foe" title="Greninja-Ash">Greninja</span> used <strong>Dark Pulse</strong>!</div><div><small><span class="battle-nickname" title="Quagsire">Quagsire</span> lost 66% of its health!</small><br></div><div class="spacer"></div><div><span class="battle-nickname" title="Quagsire">Quagsire</span> used <strong>Toxic</strong>!</div><div><small>The opposing <span class="battle-nickname-foe" title="Greninja-Ash">Greninja</span> was badly poisoned!</small></div><div class="spacer"></div><div><small>The opposing <span class="battle-nickname-foe" title="Greninja-Ash">Greninja</span> was hurt by poison!</small></div><h2>Turn 22</h2><div class="spacer"></div><div>The opposing <span class="battle-nickname-foe" title="Greninja-Ash">Greninja</span> used <strong>Dark Pulse</strong>!</div><div><small><span class="battle-nickname" title="Quagsire">Quagsire</span> lost 34% of its health!</small><br></div><div class="spacer"></div><div><span class="battle-nickname" title="Quagsire">Quagsire</span> fainted!</div><div class="spacer"></div><div><small>The opposing <span class="battle-nickname-foe" title="Greninja-Ash">Greninja</span> was hurt by poison!</small></div><div class="spacer"></div><div>Go! Lunatone!</div><h2>Turn 23</h2><div class="chat chatmessage-aaditmshah"><strong style="color:hsl(62,43%,39%);"><small>☆</small><span class="username" data-name="aaditmshah">aaditmshah</span>:</strong> <em>gg</em></div><div class="chat chatmessage-jikage"><strong style="color:hsl(116,67%,44%);"><small>☆</small><span class="username" data-name="Jikage">Jikage</span>:</strong> <em>random giving me unown :(</em></div><div class="spacer"></div><div>The opposing <span class="battle-nickname-foe" title="Greninja-Ash">Greninja</span> used <strong>Dark Pulse</strong>!</div><div><small>It's super effective! <span class="battle-nickname" title="Lunatone">Lunatone</span> hung on using its Focus Sash!</small></div><div><small><span class="battle-nickname" title="Lunatone">Lunatone</span> lost 99% of its health!</small><br></div><div class="spacer"></div><div><span class="battle-nickname" title="Lunatone">Lunatone</span> used <strong>Ice Beam</strong>!</div><div><small>It's not very effective... </small><small>The opposing <span class="battle-nickname-foe" title="Greninja-Ash">Greninja</span> lost 14% of its health!</small><br></div><div class="spacer"></div><div><small>The opposing <span class="battle-nickname-foe" title="Greninja-Ash">Greninja</span> was hurt by poison!</small></div><h2>Turn 24</h2><div class="chat chatmessage-aaditmshah"><strong style="color:hsl(62,43%,39%);"><small>☆</small><span class="username" data-name="aaditmshah">aaditmshah</span>:</strong> <em>Close one.</em></div><div class="spacer"></div><div>The opposing <span class="battle-nickname-foe" title="Greninja-Ash">Greninja</span> used <strong>Dark Pulse</strong>!</div><div><small>It's super effective! </small><small><span class="battle-nickname" title="Lunatone">Lunatone</span> lost 1% of its health!</small><br></div><div class="spacer"></div><div><span class="battle-nickname" title="Lunatone">Lunatone</span> fainted!</div><div class="spacer"></div><div>aaditmshah won the battle!</div><div class="chat"><small>Jikage left.</small></div></div></div>
</div>
<script>
var daily = Math.floor(Date.now()/1000/60/60/24);document.write('<script src="https://play.pokemonshowdown.com/js/replay-embed.js?version'+daily+'"></'+'script>');
</script>
