<!DOCTYPE html>
<meta charset="utf-8" />
<!-- version 1 -->
<title>[Gen 7] Random Battle replay: swoge vs. tjmullen94</title>
<style>
html,body {font-family:Verdana, sans-serif;font-size:10pt;margin:0;padding:0;}body{padding:12px 0;} .battle-log {font-family:Verdana, sans-serif;font-size:10pt;} .battle-log-inline {border:1px solid #AAAAAA;background:#EEF2F5;color:black;max-width:640px;margin:0 auto 80px;padding-bottom:5px;} .battle-log .inner {padding:4px 8px 0px 8px;} .battle-log .inner-preempt {padding:0 8px 4px 8px;} .battle-log .inner-after {margin-top:0.5em;} .battle-log h2 {margin:0.5em -8px;padding:4px 8px;border:1px solid #AAAAAA;background:#E0E7EA;border-left:0;border-right:0;font-family:Verdana, sans-serif;font-size:13pt;} .battle-log .chat {vertical-align:middle;padding:3px 0 3px 0;font-size:8pt;} .battle-log .chat strong {color:#40576A;} .battle-log .chat em {padding:1px 4px 1px 3px;color:#000000;font-style:normal;} .chat.mine {background:rgba(0,0,0,0.05);margin-left:-8px;margin-right:-8px;padding-left:8px;padding-right:8px;} .spoiler {color:#BBBBBB;background:#BBBBBB;padding:0px 3px;} .spoiler:hover, .spoiler:active, .spoiler-shown {color:#000000;background:#E2E2E2;padding:0px 3px;} .spoiler a {color:#BBBBBB;} .spoiler:hover a, .spoiler:active a, .spoiler-shown a {color:#2288CC;} .chat code, .chat .spoiler:hover code, .chat .spoiler:active code, .chat .spoiler-shown code {border:1px solid #C0C0C0;background:#EEEEEE;color:black;padding:0 2px;} .chat .spoiler code {border:1px solid #CCCCCC;background:#CCCCCC;color:#CCCCCC;} .battle-log .rated {padding:3px 4px;} .battle-log .rated strong {color:white;background:#89A;padding:1px 4px;border-radius:4px;} .spacer {margin-top:0.5em;} .message-announce {background:#6688AA;color:white;padding:1px 4px 2px;} .message-announce a, .broadcast-green a, .broadcast-blue a, .broadcast-red a {color:#DDEEFF;} .broadcast-green {background-color:#559955;color:white;padding:2px 4px;} .broadcast-blue {background-color:#6688AA;color:white;padding:2px 4px;} .infobox {border:1px solid #6688AA;padding:2px 4px;} .infobox-limited {max-height:200px;overflow:auto;overflow-x:hidden;} .broadcast-red {background-color:#AA5544;color:white;padding:2px 4px;} .message-learn-canlearn {font-weight:bold;color:#228822;text-decoration:underline;} .message-learn-cannotlearn {font-weight:bold;color:#CC2222;text-decoration:underline;} .message-effect-weak {font-weight:bold;color:#CC2222;} .message-effect-resist {font-weight:bold;color:#6688AA;} .message-effect-immune {font-weight:bold;color:#666666;} .message-learn-list {margin-top:0;margin-bottom:0;} .message-throttle-notice, .message-error {color:#992222;} .message-overflow, .chat small.message-overflow {font-size:0pt;} .message-overflow::before {font-size:9pt;content:'...';} .subtle {color:#3A4A66;}
</style>
<div class="wrapper replay-wrapper" style="max-width:1180px;margin:0 auto">
<input type="hidden" name="replayid" value="gen7randombattle-566610152" />
<div class="battle"></div><div class="battle-log"></div><div class="replay-controls"></div><div class="replay-controls-2"></div>
<h1 style="font-weight:normal;text-align:center"><strong>[Gen 7] Random Battle</strong><br /><a href="http://pokemonshowdown.com/users/swoge" class="subtle" target="_blank">swoge</a> vs. <a href="http://pokemonshowdown.com/users/tjmullen94" class="subtle" target="_blank">tjmullen94</a></h1>
<script type="text/plain" class="battle-log-data">|j|swoge
|j|tjmullen94
|player|p1|swoge|48
|player|p2|tjmullen94|288
|gametype|singles
|gen|7
|tier|[Gen 7] Random Battle
|rated
|seed|23463,16091,9276,36198,795,12683,61475,36568,54392,59986,56902,20705
|rule|Sleep Clause Mod: Limit one foe put to sleep
|rule|HP Percentage Mod: HP is shown in percentages
|
|start
|switch|p1a: Pidgeot|Pidgeot, L75, F|100\/100
|switch|p2a: Absol|Absol, L77, M|100\/100
|turn|1
|choice|move uturn mega|move icebeam mega
|
|detailschange|p1a: Pidgeot|Pidgeot-Mega, L75, F
|-mega|p1a: Pidgeot|Pidgeot|Pidgeotite
|detailschange|p2a: Absol|Absol-Mega, L77, M
|-mega|p2a: Absol|Absol|Absolite
|move|p1a: Pidgeot|U-turn|p2a: Absol
|-supereffective|p2a: Absol
|-damage|p2a: Absol|59\/100
|choice|switch 5|
|
|switch|p1a: Chesnaught|Chesnaught, L79, F|100\/100
|move|p2a: Absol|Ice Beam|p1a: Chesnaught
|-supereffective|p1a: Chesnaught
|-damage|p1a: Chesnaught|50\/100
|
|-heal|p1a: Chesnaught|56\/100|[from] item: Leftovers
|upkeep
|turn|2
|choice|move spikyshield|move playrough
|
|move|p1a: Chesnaught|Spiky Shield|p1a: Chesnaught
|-singleturn|p1a: Chesnaught|move: Protect
|move|p2a: Absol|Play Rough|p1a: Chesnaught
|-activate|p1a: Chesnaught|move: Protect
|-damage|p2a: Absol|47\/100|[from] Spiky Shield|[of] p1a: Chesnaught
|
|-heal|p1a: Chesnaught|62\/100|[from] item: Leftovers
|upkeep
|turn|3
|choice|move drainpunch|move playrough
|
|move|p2a: Absol|Play Rough|p1a: Chesnaught
|-supereffective|p1a: Chesnaught
|-damage|p1a: Chesnaught|14\/100
|move|p1a: Chesnaught|Drain Punch|p2a: Absol
|-supereffective|p2a: Absol
|-damage|p2a: Absol|0 fnt
|-heal|p1a: Chesnaught|33\/100|[from] drain|[of] p2a: Absol
|faint|p2a: Absol
|
|-heal|p1a: Chesnaught|39\/100|[from] item: Leftovers
|upkeep
|choice||switch 5
|
|switch|p2a: Gliscor|Gliscor, L77, M|100\/100
|turn|4
|-message|tjmullen94 forfeited.
|
|win|swoge
|l|tjmullen94
|raw|swoge's rating: 1322 &rarr; <strong>1341<\/strong><br \/>(+19 for winning)
|raw|tjmullen94's rating: 1314 &rarr; <strong>1295<\/strong><br \/>(-19 for losing)</script>
</div>
<div class="battle-log battle-log-inline"><div class="inner"><div class="chat"><small>swoge joined.</small></div><div class="chat"><small>tjmullen94 joined.</small></div><div style="padding:5px 0"><small>Format:</small> <br><strong>[Gen 7] Random Battle</strong></div><div class="rated"><strong>Rated battle</strong></div><div><small><em>Sleep Clause Mod:</em> Limit one foe put to sleep</small></div><div><small><em>HP Percentage Mod:</em> HP is shown in percentages</small></div><div>Battle between swoge and tjmullen94 started!</div><div class="spacer"></div><div>Go! Pidgeot!</div><div class="spacer"></div><div>tjmullen94 sent out Absol!</div><h2>Turn 1</h2><div class="spacer"></div><div><small><span class="battle-nickname" title="Pidgeot-Mega">Pidgeot</span>'s Pidgeotite is reacting to swoge's Mega Bracelet!<br><span class="battle-nickname" title="Pidgeot-Mega">Pidgeot</span> has Mega Evolved into Mega Pidgeot!</small></div><div class="spacer"></div><div><small>The opposing <span class="battle-nickname-foe" title="Absol-Mega">Absol</span>'s Absolite is reacting to tjmullen94's Mega Bracelet!<br>The opposing <span class="battle-nickname-foe" title="Absol-Mega">Absol</span> has Mega Evolved into Mega Absol!</small></div><div class="spacer"></div><div><span class="battle-nickname" title="Pidgeot-Mega">Pidgeot</span> used <strong>U-turn</strong>!</div><div><small>It's super effective! </small><small>The opposing <span class="battle-nickname-foe" title="Absol-Mega">Absol</span> lost 41% of its health!</small><br></div><div class="spacer"></div><div><span class="battle-nickname" title="Pidgeot-Mega">Pidgeot</span> went back to swoge!</div><div class="spacer"></div><div>Go! Chesnaught!</div><div class="spacer"></div><div>The opposing <span class="battle-nickname-foe" title="Absol-Mega">Absol</span> used <strong>Ice Beam</strong>!</div><div><small>It's super effective! </small><small><span class="battle-nickname" title="Chesnaught">Chesnaught</span> lost 50% of its health!</small><br></div><div class="spacer"></div><div><small><span class="battle-nickname" title="Chesnaught">Chesnaught</span> restored a little HP using its Leftovers!</small></div><h2>Turn 2</h2><div class="spacer"></div><div><span class="battle-nickname" title="Chesnaught">Chesnaught</span> used <strong>Spiky Shield</strong>!</div><div><small><span class="battle-nickname" title="Chesnaught">Chesnaught</span> protected itself!</small></div><div class="spacer"></div><div>The opposing <span class="battle-nickname-foe" title="Absol-Mega">Absol</span> used <strong>Play Rough</strong>!</div><div><small><span class="battle-nickname" title="Chesnaught">Chesnaught</span> protected itself!</small></div><div><small>The opposing <span class="battle-nickname-foe" title="Absol-Mega">Absol</span> was hurt!</small></div><div class="spacer"></div><div><small><span class="battle-nickname" title="Chesnaught">Chesnaught</span> restored a little HP using its Leftovers!</small></div><h2>Turn 3</h2><div class="spacer"></div><div>The opposing <span class="battle-nickname-foe" title="Absol-Mega">Absol</span> used <strong>Play Rough</strong>!</div><div><small>It's super effective! </small><small><span class="battle-nickname" title="Chesnaught">Chesnaught</span> lost 48% of its health!</small><br></div><div class="spacer"></div><div><span class="battle-nickname" title="Chesnaught">Chesnaught</span> used <strong>Drain Punch</strong>!</div><div><small>It's super effective! </small><small>The opposing <span class="battle-nickname-foe" title="Absol-Mega">Absol</span> lost 47% of its health!</small><br></div><div><small>The opposing <span class="battle-nickname-foe" title="Absol-Mega">Absol</span> had its energy drained!</small></div><div class="spacer"></div><div>The opposing <span class="battle-nickname-foe" title="Absol-Mega">Absol</span> fainted!</div><div class="spacer"></div><div><small><span class="battle-nickname" title="Chesnaught">Chesnaught</span> restored a little HP using its Leftovers!</small></div><div class="spacer"></div><div>tjmullen94 sent out Gliscor!</div><h2>Turn 4</h2><div class="spacer"></div><div><small>tjmullen94 forfeited.</small></div><div class="spacer"></div><div>swoge won the battle!</div><div class="chat"><small>tjmullen94 left.</small></div><div class="chat">swoge's rating: 1322 → <strong>1341</strong><br>(+19 for winning)</div><div class="chat">tjmullen94's rating: 1314 → <strong>1295</strong><br>(-19 for losing)</div></div></div>
</div>
<script>
var daily = Math.floor(Date.now()/1000/60/60/24);document.write('<script src="https://play.pokemonshowdown.com/js/replay-embed.js?version'+daily+'"></'+'script>');
</script>
