<!DOCTYPE html>
<meta charset="utf-8" />
<!-- version 1 -->
<title>[Gen 7] Random Battle replay: flufernutter vs. Susiis</title>
<style>
html,body {font-family:Verdana, sans-serif;font-size:10pt;margin:0;padding:0;}body{padding:12px 0;} .battle-log {font-family:Verdana, sans-serif;font-size:10pt;} .battle-log-inline {border:1px solid #AAAAAA;background:#EEF2F5;color:black;max-width:640px;margin:0 auto 80px;padding-bottom:5px;} .battle-log .inner {padding:4px 8px 0px 8px;} .battle-log .inner-preempt {padding:0 8px 4px 8px;} .battle-log .inner-after {margin-top:0.5em;} .battle-log h2 {margin:0.5em -8px;padding:4px 8px;border:1px solid #AAAAAA;background:#E0E7EA;border-left:0;border-right:0;font-family:Verdana, sans-serif;font-size:13pt;} .battle-log .chat {vertical-align:middle;padding:3px 0 3px 0;font-size:8pt;} .battle-log .chat strong {color:#40576A;} .battle-log .chat em {padding:1px 4px 1px 3px;color:#000000;font-style:normal;} .chat.mine {background:rgba(0,0,0,0.05);margin-left:-8px;margin-right:-8px;padding-left:8px;padding-right:8px;} .spoiler {color:#BBBBBB;background:#BBBBBB;padding:0px 3px;} .spoiler:hover, .spoiler:active, .spoiler-shown {color:#000000;background:#E2E2E2;padding:0px 3px;} .spoiler a {color:#BBBBBB;} .spoiler:hover a, .spoiler:active a, .spoiler-shown a {color:#2288CC;} .chat code, .chat .spoiler:hover code, .chat .spoiler:active code, .chat .spoiler-shown code {border:1px solid #C0C0C0;background:#EEEEEE;color:black;padding:0 2px;} .chat .spoiler code {border:1px solid #CCCCCC;background:#CCCCCC;color:#CCCCCC;} .battle-log .rated {padding:3px 4px;} .battle-log .rated strong {color:white;background:#89A;padding:1px 4px;border-radius:4px;} .spacer {margin-top:0.5em;} .message-announce {background:#6688AA;color:white;padding:1px 4px 2px;} .message-announce a, .broadcast-green a, .broadcast-blue a, .broadcast-red a {color:#DDEEFF;} .broadcast-green {background-color:#559955;color:white;padding:2px 4px;} .broadcast-blue {background-color:#6688AA;color:white;padding:2px 4px;} .infobox {border:1px solid #6688AA;padding:2px 4px;} .infobox-limited {max-height:200px;overflow:auto;overflow-x:hidden;} .broadcast-red {background-color:#AA5544;color:white;padding:2px 4px;} .message-learn-canlearn {font-weight:bold;color:#228822;text-decoration:underline;} .message-learn-cannotlearn {font-weight:bold;color:#CC2222;text-decoration:underline;} .message-effect-weak {font-weight:bold;color:#CC2222;} .message-effect-resist {font-weight:bold;color:#6688AA;} .message-effect-immune {font-weight:bold;color:#666666;} .message-learn-list {margin-top:0;margin-bottom:0;} .message-throttle-notice, .message-error {color:#992222;} .message-overflow, .chat small.message-overflow {font-size:0pt;} .message-overflow::before {font-size:9pt;content:'...';} .subtle {color:#3A4A66;}
</style>
<div class="wrapper replay-wrapper" style="max-width:1180px;margin:0 auto">
<input type="hidden" name="replayid" value="gen7randombattle-566600215" />
<div class="battle"></div><div class="battle-log"></div><div class="replay-controls"></div><div class="replay-controls-2"></div>
<h1 style="font-weight:normal;text-align:center"><strong>[Gen 7] Random Battle</strong><br /><a href="http://pokemonshowdown.com/users/flufernutter" class="subtle" target="_blank">flufernutter</a> vs. <a href="http://pokemonshowdown.com/users/susiis" class="subtle" target="_blank">Susiis</a></h1>
<script type="text/plain" class="battle-log-data">|j|flufernutter
|j|Susiis
|player|p1|flufernutter|101
|player|p2|Susiis|170
|gametype|singles
|gen|7
|tier|[Gen 7] Random Battle
|rated
|seed|39924,47861,45548,36149,61221,47198,46875,50532,7175,13012,43360,26638
|rule|Sleep Clause Mod: Limit one foe put to sleep
|rule|HP Percentage Mod: HP is shown in percentages
|
|start
|switch|p1a: Magcargo|Magcargo, L79, F|100\/100
|switch|p2a: Tyrantrum|Tyrantrum, L79, F|100\/100
|-item|p1a: Magcargo|Air Balloon
|turn|1
|choice|move toxic|move headsmash
|
|move|p2a: Tyrantrum|Head Smash|p1a: Magcargo
|-supereffective|p1a: Magcargo
|-damage|p1a: Magcargo|0 fnt
|-enditem|p1a: Magcargo|Air Balloon
|-status|p2a: Tyrantrum|brn|[from] ability: Flame Body|[of] p1a: Magcargo
|-enditem|p2a: Tyrantrum|Lum Berry|[eat]
|-curestatus|p2a: Tyrantrum|brn|[msg]
|faint|p1a: Magcargo
|
|upkeep
|choice|switch 4|
|
|switch|p1a: Primarina|Primarina, L77, F|100\/100
|turn|2
|choice|move hypervoice|switch 3
|
|switch|p2a: Muk|Muk, L79, M|100\/100
|move|p1a: Primarina|Hyper Voice|p2a: Muk
|-damage|p2a: Muk|69\/100
|
|-heal|p2a: Muk|75\/100|[from] item: Black Sludge
|upkeep
|turn|3
|choice|switch 2|move gunkshot
|
|switch|p1a: Nidoqueen|Nidoqueen, L79, F|100\/100
|move|p2a: Muk|Gunk Shot|p1a: Nidoqueen
|-resisted|p1a: Nidoqueen
|-damage|p1a: Nidoqueen|90\/100
|
|-heal|p2a: Muk|81\/100|[from] item: Black Sludge
|upkeep
|turn|4
|choice|move earthpower|move icepunch
|
|move|p1a: Nidoqueen|Earth Power|p2a: Muk
|-supereffective|p2a: Muk
|-damage|p2a: Muk|0 fnt
|faint|p2a: Muk
|
|upkeep
|choice||switch 2
|
|switch|p2a: Kingler|Kingler, L79, F|100\/100
|turn|5
|choice|switch 3|move crabhammer
|
|switch|p1a: Cryogonal|Cryogonal, L79|100\/100
|move|p2a: Kingler|Crabhammer|p1a: Cryogonal
|-damage|p1a: Cryogonal|0 fnt
|-damage|p2a: Kingler|91\/100|[from] item: Life Orb
|faint|p1a: Cryogonal
|
|upkeep
|choice|switch 2|
|
|switch|p1a: Primarina|Primarina, L77, F|100\/100
|turn|6
|choice|move reflect|move knockoff
|
|move|p2a: Kingler|Knock Off|p1a: Primarina
|-resisted|p1a: Primarina
|-damage|p1a: Primarina|77\/100
|-enditem|p1a: Primarina|Light Clay|[from] move: Knock Off|[of] p2a: Kingler
|-damage|p2a: Kingler|81\/100|[from] item: Life Orb
|move|p1a: Primarina|Reflect|p1a: Primarina
|-sidestart|p1: flufernutter|Reflect
|
|upkeep
|turn|7
|choice|switch 5|switch 5
|
|switch|p2a: Shiinotic|Shiinotic, L79, F|100\/100
|switch|p1a: Celebi|Celebi, L77|100\/100
|
|upkeep
|turn|8
|choice|move hiddenpower|move moonblast
|
|move|p1a: Celebi|Hidden Power|p2a: Shiinotic
|-supereffective|p2a: Shiinotic
|-damage|p2a: Shiinotic|69\/100
|move|p2a: Shiinotic|Moonblast|p1a: Celebi
|-damage|p1a: Celebi|71\/100
|
|-heal|p1a: Celebi|77\/100|[from] item: Leftovers
|-heal|p2a: Shiinotic|75\/100|[from] item: Leftovers
|upkeep
|turn|9
|choice|move uturn|move moonblast
|
|move|p1a: Celebi|U-turn|p2a: Shiinotic
|-damage|p2a: Shiinotic|53\/100
|choice|switch 3|
|
|switch|p1a: Nidoqueen|Nidoqueen, L79, F|90\/100
|move|p2a: Shiinotic|Moonblast|p1a: Nidoqueen
|-resisted|p1a: Nidoqueen
|-damage|p1a: Nidoqueen|72\/100
|-unboost|p1a: Nidoqueen|spa|1
|
|-heal|p2a: Shiinotic|59\/100|[from] item: Leftovers
|upkeep
|turn|10
|choice|move toxicspikes|switch 6
|
|switch|p2a: Pheromosa|Pheromosa, L73|100\/100
|move|p1a: Nidoqueen|Toxic Spikes|p2a: Pheromosa
|-sidestart|p2: Susiis|move: Toxic Spikes
|
|-sideend|p1: flufernutter|Reflect
|upkeep
|turn|11
|choice|switch 5|move icebeam
|
|switch|p1a: Primarina|Primarina, L77, F|77\/100
|move|p2a: Pheromosa|Ice Beam|p1a: Primarina
|-resisted|p1a: Primarina
|-damage|p1a: Primarina|66\/100
|
|upkeep
|turn|12
|choice|move moonblast|move poisonjab
|
|move|p2a: Pheromosa|Poison Jab|p1a: Primarina
|-supereffective|p1a: Primarina
|-damage|p1a: Primarina|0 fnt
|faint|p1a: Primarina
|-ability|p2a: Pheromosa|Beast Boost|boost
|-boost|p2a: Pheromosa|spe|1
|
|upkeep
|choice|switch 6|
|
|switch|p1a: Aegislash|Aegislash, L73, F|100\/100
|turn|13
|choice|move kingsshield|move uturn
|
|move|p1a: Aegislash|King's Shield|p1a: Aegislash
|-singleturn|p1a: Aegislash|Protect
|move|p2a: Pheromosa|U-turn|p1a: Aegislash
|-activate|p1a: Aegislash|move: Protect
|-unboost|p2a: Pheromosa|atk|2
|
|upkeep
|turn|14
|choice|move ironhead|move uturn
|
|move|p2a: Pheromosa|U-turn|p1a: Aegislash
|-resisted|p1a: Aegislash
|-damage|p1a: Aegislash|97\/100
|choice||switch 5
|
|switch|p2a: Kingler|Kingler, L79, F|81\/100
|-status|p2a: Kingler|psn
|-formechange|p1a: Aegislash|Aegislash-Blade|[from] ability: Stance Change
|move|p1a: Aegislash|Iron Head|p2a: Kingler
|-resisted|p2a: Kingler
|-damage|p2a: Kingler|57\/100 psn
|-damage|p1a: Aegislash|87\/100|[from] item: Life Orb
|
|-damage|p2a: Kingler|45\/100 psn|[from] psn
|upkeep
|turn|15
|choice|move kingsshield|move swordsdance
|
|-formechange|p1a: Aegislash|Aegislash|[from] ability: Stance Change
|move|p1a: Aegislash|King's Shield|p1a: Aegislash
|-singleturn|p1a: Aegislash|Protect
|move|p2a: Kingler|Swords Dance|p2a: Kingler
|-boost|p2a: Kingler|atk|2
|
|-damage|p2a: Kingler|32\/100 psn|[from] psn
|upkeep
|turn|16
|choice|move shadowsneak|move knockoff
|
|-formechange|p1a: Aegislash|Aegislash-Blade|[from] ability: Stance Change
|move|p1a: Aegislash|Shadow Sneak|p2a: Kingler
|-damage|p2a: Kingler|8\/100 psn
|-damage|p1a: Aegislash|77\/100|[from] item: Life Orb
|move|p2a: Kingler|Knock Off|p1a: Aegislash
|-supereffective|p1a: Aegislash
|-damage|p1a: Aegislash|0 fnt
|-enditem|p1a: Aegislash|Life Orb|[from] move: Knock Off|[of] p2a: Kingler
|-damage|p2a: Kingler|0 fnt|[from] item: Life Orb
|faint|p1a: Aegislash
|faint|p2a: Kingler
|
|upkeep
|choice|switch 3|switch 3
|
|switch|p1a: Celebi|Celebi, L77|77\/100
|switch|p2a: Tyrantrum|Tyrantrum, L79, F|100\/100
|-status|p2a: Tyrantrum|psn
|turn|17
|choice|move leafstorm|move dragondance
|
|move|p1a: Celebi|Leaf Storm|p2a: Tyrantrum
|-damage|p2a: Tyrantrum|39\/100 psn
|-unboost|p1a: Celebi|spa|2
|move|p2a: Tyrantrum|Dragon Dance|p2a: Tyrantrum
|-boost|p2a: Tyrantrum|atk|1
|-boost|p2a: Tyrantrum|spe|1
|
|-heal|p1a: Celebi|83\/100|[from] item: Leftovers
|-damage|p2a: Tyrantrum|27\/100 psn|[from] psn
|upkeep
|turn|18
|choice|move leafstorm|move outrage
|
|move|p2a: Tyrantrum|Outrage|p1a: Celebi
|-damage|p1a: Celebi|8\/100
|move|p1a: Celebi|Leaf Storm|p2a: Tyrantrum
|-damage|p2a: Tyrantrum|0 fnt
|-unboost|p1a: Celebi|spa|2
|faint|p2a: Tyrantrum
|
|-heal|p1a: Celebi|14\/100|[from] item: Leftovers
|upkeep
|choice||switch 5
|
|switch|p2a: Pheromosa|Pheromosa, L73|100\/100
|-status|p2a: Pheromosa|psn
|turn|19
|choice|switch 5|move icebeam
|
|switch|p1a: Nidoqueen|Nidoqueen, L79, F|72\/100
|move|p2a: Pheromosa|Ice Beam|p1a: Nidoqueen
|-supereffective|p1a: Nidoqueen
|-damage|p1a: Nidoqueen|13\/100
|
|-damage|p2a: Pheromosa|88\/100 psn|[from] psn
|upkeep
|turn|20
|choice|move fireblast|move icebeam
|
|move|p2a: Pheromosa|Ice Beam|p1a: Nidoqueen
|-supereffective|p1a: Nidoqueen
|-damage|p1a: Nidoqueen|0 fnt
|faint|p1a: Nidoqueen
|-ability|p2a: Pheromosa|Beast Boost|boost
|-boost|p2a: Pheromosa|spe|1
|
|-damage|p2a: Pheromosa|75\/100 psn|[from] psn
|upkeep
|choice|switch 5|
|
|switch|p1a: Celebi|Celebi, L77|14\/100
|turn|21
|choice|move hiddenpower|move icebeam
|
|move|p2a: Pheromosa|Ice Beam|p1a: Celebi
|-supereffective|p1a: Celebi
|-damage|p1a: Celebi|0 fnt
|faint|p1a: Celebi
|
|win|Susiis
|l|Susiis
|raw|flufernutter's rating: 1068 &rarr; <strong>1051<\/strong><br \/>(-17 for losing)
|raw|Susiis's rating: 1125 &rarr; <strong>1146<\/strong><br \/>(+21 for winning)
|l|flufernutter
|j|Susiis</script>
</div>
<div class="battle-log battle-log-inline"><div class="inner"><div class="chat"><small>flufernutter joined.</small></div><div class="chat"><small>Susiis joined.</small></div><div style="padding:5px 0"><small>Format:</small> <br><strong>[Gen 7] Random Battle</strong></div><div class="rated"><strong>Rated battle</strong></div><div><small><em>Sleep Clause Mod:</em> Limit one foe put to sleep</small></div><div><small><em>HP Percentage Mod:</em> HP is shown in percentages</small></div><div>Battle between flufernutter and Susiis started!</div><div class="spacer"></div><div>Go! Magcargo!</div><div class="spacer"></div><div>Susiis sent out Tyrantrum!</div><div><small><span class="battle-nickname" title="Magcargo">Magcargo</span> floats in the air with its Air Balloon!</small></div><h2>Turn 1</h2><div class="spacer"></div><div>The opposing <span class="battle-nickname-foe" title="Tyrantrum">Tyrantrum</span> used <strong>Head Smash</strong>!</div><div><small>It's super effective! </small><small><span class="battle-nickname" title="Magcargo">Magcargo</span> lost 100% of its health!</small><br></div><div><small><span class="battle-nickname" title="Magcargo">Magcargo</span>'s Air Balloon popped!</small></div><div><small>[<span class="battle-nickname" title="Magcargo">Magcargo</span>'s Flame Body!]</small></div><div><small>The opposing <span class="battle-nickname-foe" title="Tyrantrum">Tyrantrum</span> was burned!</small></div><div><small>The opposing <span class="battle-nickname-foe" title="Tyrantrum">Tyrantrum</span> ate its Lum Berry!</small></div><div><small>The opposing <span class="battle-nickname-foe" title="Tyrantrum">Tyrantrum</span> healed its burn!</small></div><div class="spacer"></div><div><span class="battle-nickname" title="Magcargo">Magcargo</span> fainted!</div><div class="spacer"></div><div>Go! Primarina!</div><h2>Turn 2</h2><div class="spacer"></div><div>Susiis withdrew Tyrantrum!</div><div class="spacer"></div><div>Susiis sent out Muk!</div><div class="spacer"></div><div><span class="battle-nickname" title="Primarina">Primarina</span> used <strong>Hyper Voice</strong>!</div><div><small>The opposing <span class="battle-nickname-foe" title="Muk">Muk</span> lost 31% of its health!</small><br></div><div class="spacer"></div><div><small>The opposing <span class="battle-nickname-foe" title="Muk">Muk</span> restored a little HP using its Black Sludge!</small></div><h2>Turn 3</h2><div class="spacer"></div><div><span class="battle-nickname" title="Primarina">Primarina</span>, come back!</div><div class="spacer"></div><div>Go! Nidoqueen!</div><div class="spacer"></div><div>The opposing <span class="battle-nickname-foe" title="Muk">Muk</span> used <strong>Gunk Shot</strong>!</div><div><small>It's not very effective... </small><small><span class="battle-nickname" title="Nidoqueen">Nidoqueen</span> lost 10% of its health!</small><br></div><div class="spacer"></div><div><small>The opposing <span class="battle-nickname-foe" title="Muk">Muk</span> restored a little HP using its Black Sludge!</small></div><h2>Turn 4</h2><div class="spacer"></div><div><span class="battle-nickname" title="Nidoqueen">Nidoqueen</span> used <strong>Earth Power</strong>!</div><div><small>It's super effective! </small><small>The opposing <span class="battle-nickname-foe" title="Muk">Muk</span> lost 81% of its health!</small><br></div><div class="spacer"></div><div>The opposing <span class="battle-nickname-foe" title="Muk">Muk</span> fainted!</div><div class="spacer"></div><div>Susiis sent out Kingler!</div><h2>Turn 5</h2><div class="spacer"></div><div><span class="battle-nickname" title="Nidoqueen">Nidoqueen</span>, come back!</div><div class="spacer"></div><div>Go! Cryogonal!</div><div class="spacer"></div><div>The opposing <span class="battle-nickname-foe" title="Kingler">Kingler</span> used <strong>Crabhammer</strong>!</div><div><small><span class="battle-nickname" title="Cryogonal">Cryogonal</span> lost 100% of its health!</small><br></div><div><small>The opposing <span class="battle-nickname-foe" title="Kingler">Kingler</span> lost some of its HP!</small></div><div class="spacer"></div><div><span class="battle-nickname" title="Cryogonal">Cryogonal</span> fainted!</div><div class="spacer"></div><div>Go! Primarina!</div><h2>Turn 6</h2><div class="spacer"></div><div>The opposing <span class="battle-nickname-foe" title="Kingler">Kingler</span> used <strong>Knock Off</strong>!</div><div><small>It's not very effective... </small><small><span class="battle-nickname" title="Primarina">Primarina</span> lost 23% of its health!</small><br></div><div><small>The opposing <span class="battle-nickname-foe" title="Kingler">Kingler</span> knocked off <span class="battle-nickname" title="Primarina">Primarina</span>'s Light Clay!</small></div><div><small>The opposing <span class="battle-nickname-foe" title="Kingler">Kingler</span> lost some of its HP!</small></div><div class="spacer"></div><div><span class="battle-nickname" title="Primarina">Primarina</span> used <strong>Reflect</strong>!</div><div><small>Reflect made your team stronger against physical moves!</small></div><h2>Turn 7</h2><div class="spacer"></div><div>Susiis withdrew Kingler!</div><div class="spacer"></div><div>Susiis sent out Shiinotic!</div><div class="spacer"></div><div><span class="battle-nickname" title="Primarina">Primarina</span>, come back!</div><div class="spacer"></div><div>Go! Celebi!</div><h2>Turn 8</h2><div class="spacer"></div><div><span class="battle-nickname" title="Celebi">Celebi</span> used <strong>Hidden Power</strong>!</div><div><small>It's super effective! </small><small>The opposing <span class="battle-nickname-foe" title="Shiinotic">Shiinotic</span> lost 31% of its health!</small><br></div><div class="spacer"></div><div>The opposing <span class="battle-nickname-foe" title="Shiinotic">Shiinotic</span> used <strong>Moonblast</strong>!</div><div><small><span class="battle-nickname" title="Celebi">Celebi</span> lost 29% of its health!</small><br></div><div class="spacer"></div><div><small><span class="battle-nickname" title="Celebi">Celebi</span> restored a little HP using its Leftovers!</small></div><div><small>The opposing <span class="battle-nickname-foe" title="Shiinotic">Shiinotic</span> restored a little HP using its Leftovers!</small></div><h2>Turn 9</h2><div class="spacer"></div><div><span class="battle-nickname" title="Celebi">Celebi</span> used <strong>U-turn</strong>!</div><div><small>The opposing <span class="battle-nickname-foe" title="Shiinotic">Shiinotic</span> lost 22% of its health!</small><br></div><div class="spacer"></div><div><span class="battle-nickname" title="Celebi">Celebi</span> went back to flufernutter!</div><div class="spacer"></div><div>Go! Nidoqueen!</div><div class="spacer"></div><div>The opposing <span class="battle-nickname-foe" title="Shiinotic">Shiinotic</span> used <strong>Moonblast</strong>!</div><div><small>It's not very effective... </small><small><span class="battle-nickname" title="Nidoqueen">Nidoqueen</span> lost 18% of its health!</small><br></div><div><small><span class="battle-nickname" title="Nidoqueen">Nidoqueen</span>'s Special Attack fell! </small></div><div class="spacer"></div><div><small>The opposing <span class="battle-nickname-foe" title="Shiinotic">Shiinotic</span> restored a little HP using its Leftovers!</small></div><h2>Turn 10</h2><div class="spacer"></div><div>Susiis withdrew Shiinotic!</div><div class="spacer"></div><div>Susiis sent out Pheromosa!</div><div class="spacer"></div><div><span class="battle-nickname" title="Nidoqueen">Nidoqueen</span> used <strong>Toxic Spikes</strong>!</div><div><small>Poison spikes were scattered on the ground all around the opposing team!</small></div><div class="spacer"></div><div><small>Your team's Reflect wore off!</small></div><h2>Turn 11</h2><div class="spacer"></div><div><span class="battle-nickname" title="Nidoqueen">Nidoqueen</span>, come back!</div><div class="spacer"></div><div>Go! Primarina!</div><div class="spacer"></div><div>The opposing <span class="battle-nickname-foe" title="Pheromosa">Pheromosa</span> used <strong>Ice Beam</strong>!</div><div><small>It's not very effective... </small><small><span class="battle-nickname" title="Primarina">Primarina</span> lost 11% of its health!</small><br></div><h2>Turn 12</h2><div class="spacer"></div><div>The opposing <span class="battle-nickname-foe" title="Pheromosa">Pheromosa</span> used <strong>Poison Jab</strong>!</div><div><small>It's super effective! </small><small><span class="battle-nickname" title="Primarina">Primarina</span> lost 66% of its health!</small><br></div><div class="spacer"></div><div><span class="battle-nickname" title="Primarina">Primarina</span> fainted!</div><div><small>[Opposing <span class="battle-nickname-foe" title="Pheromosa">Pheromosa</span>'s Beast Boost!]</small></div><div><small>The opposing <span class="battle-nickname-foe" title="Pheromosa">Pheromosa</span>'s Speed rose! </small></div><div class="spacer"></div><div>Go! Aegislash!</div><h2>Turn 13</h2><div class="spacer"></div><div><span class="battle-nickname" title="Aegislash">Aegislash</span> used <strong>King's Shield</strong>!</div><div><small><span class="battle-nickname" title="Aegislash">Aegislash</span> protected itself!</small></div><div class="spacer"></div><div>The opposing <span class="battle-nickname-foe" title="Pheromosa">Pheromosa</span> used <strong>U-turn</strong>!</div><div><small><span class="battle-nickname" title="Aegislash">Aegislash</span> protected itself!</small></div><div><small>The opposing <span class="battle-nickname-foe" title="Pheromosa">Pheromosa</span>'s Attack fell harshly! </small></div><h2>Turn 14</h2><div class="spacer"></div><div>The opposing <span class="battle-nickname-foe" title="Pheromosa">Pheromosa</span> used <strong>U-turn</strong>!</div><div><small>It's not very effective... </small><small><span class="battle-nickname" title="Aegislash">Aegislash</span> lost 3% of its health!</small><br></div><div class="spacer"></div><div>The opposing <span class="battle-nickname-foe" title="Pheromosa">Pheromosa</span> went back to Susiis!</div><div class="spacer"></div><div>Susiis sent out Kingler!</div><div><small>The opposing <span class="battle-nickname-foe" title="Kingler">Kingler</span> was poisoned!</small></div><div><small>[<span class="battle-nickname" title="Aegislash">Aegislash</span>'s Stance Change!]</small></div><div><small>Changed to Blade Forme!</small></div><div class="spacer"></div><div><span class="battle-nickname" title="Aegislash">Aegislash</span> used <strong>Iron Head</strong>!</div><div><small>It's not very effective... </small><small>The opposing <span class="battle-nickname-foe" title="Kingler">Kingler</span> lost 24% of its health!</small><br></div><div><small><span class="battle-nickname" title="Aegislash">Aegislash</span> lost some of its HP!</small></div><div class="spacer"></div><div><small>The opposing <span class="battle-nickname-foe" title="Kingler">Kingler</span> was hurt by poison!</small></div><h2>Turn 15</h2><div><small>[<span class="battle-nickname" title="Aegislash">Aegislash</span>'s Stance Change!]</small></div><div><small>Changed to Shield Forme!</small></div><div class="spacer"></div><div><span class="battle-nickname" title="Aegislash">Aegislash</span> used <strong>King's Shield</strong>!</div><div><small><span class="battle-nickname" title="Aegislash">Aegislash</span> protected itself!</small></div><div class="spacer"></div><div>The opposing <span class="battle-nickname-foe" title="Kingler">Kingler</span> used <strong>Swords Dance</strong>!</div><div><small>The opposing <span class="battle-nickname-foe" title="Kingler">Kingler</span>'s Attack rose sharply! </small></div><div class="spacer"></div><div><small>The opposing <span class="battle-nickname-foe" title="Kingler">Kingler</span> was hurt by poison!</small></div><h2>Turn 16</h2><div><small>[<span class="battle-nickname" title="Aegislash">Aegislash</span>'s Stance Change!]</small></div><div><small>Changed to Blade Forme!</small></div><div class="spacer"></div><div><span class="battle-nickname" title="Aegislash">Aegislash</span> used <strong>Shadow Sneak</strong>!</div><div><small>The opposing <span class="battle-nickname-foe" title="Kingler">Kingler</span> lost 24% of its health!</small><br></div><div><small><span class="battle-nickname" title="Aegislash">Aegislash</span> lost some of its HP!</small></div><div class="spacer"></div><div>The opposing <span class="battle-nickname-foe" title="Kingler">Kingler</span> used <strong>Knock Off</strong>!</div><div><small>It's super effective! </small><small><span class="battle-nickname" title="Aegislash">Aegislash</span> lost 77% of its health!</small><br></div><div><small>The opposing <span class="battle-nickname-foe" title="Kingler">Kingler</span> knocked off <span class="battle-nickname" title="Aegislash">Aegislash</span>'s Life Orb!</small></div><div><small>The opposing <span class="battle-nickname-foe" title="Kingler">Kingler</span> lost some of its HP!</small></div><div class="spacer"></div><div><span class="battle-nickname" title="Aegislash">Aegislash</span> fainted!</div><div class="spacer"></div><div>The opposing <span class="battle-nickname-foe" title="Kingler">Kingler</span> fainted!</div><div class="spacer"></div><div>Go! Celebi!</div><div class="spacer"></div><div>Susiis sent out Tyrantrum!</div><div><small>The opposing <span class="battle-nickname-foe" title="Tyrantrum">Tyrantrum</span> was poisoned!</small></div><h2>Turn 17</h2><div class="spacer"></div><div><span class="battle-nickname" title="Celebi">Celebi</span> used <strong>Leaf Storm</strong>!</div><div><small>The opposing <span class="battle-nickname-foe" title="Tyrantrum">Tyrantrum</span> lost 61% of its health!</small><br></div><div><small><span class="battle-nickname" title="Celebi">Celebi</span>'s Special Attack fell harshly! </small></div><div class="spacer"></div><div>The opposing <span class="battle-nickname-foe" title="Tyrantrum">Tyrantrum</span> used <strong>Dragon Dance</strong>!</div><div><small>The opposing <span class="battle-nickname-foe" title="Tyrantrum">Tyrantrum</span>'s Attack rose! The opposing <span class="battle-nickname-foe" title="Tyrantrum">Tyrantrum</span>'s Speed rose! </small></div><div class="spacer"></div><div><small><span class="battle-nickname" title="Celebi">Celebi</span> restored a little HP using its Leftovers!</small></div><div><small>The opposing <span class="battle-nickname-foe" title="Tyrantrum">Tyrantrum</span> was hurt by poison!</small></div><h2>Turn 18</h2><div class="spacer"></div><div>The opposing <span class="battle-nickname-foe" title="Tyrantrum">Tyrantrum</span> used <strong>Outrage</strong>!</div><div><small><span class="battle-nickname" title="Celebi">Celebi</span> lost 75% of its health!</small><br></div><div class="spacer"></div><div><span class="battle-nickname" title="Celebi">Celebi</span> used <strong>Leaf Storm</strong>!</div><div><small>The opposing <span class="battle-nickname-foe" title="Tyrantrum">Tyrantrum</span> lost 27% of its health!</small><br></div><div><small><span class="battle-nickname" title="Celebi">Celebi</span>'s Special Attack fell harshly! </small></div><div class="spacer"></div><div>The opposing <span class="battle-nickname-foe" title="Tyrantrum">Tyrantrum</span> fainted!</div><div class="spacer"></div><div><small><span class="battle-nickname" title="Celebi">Celebi</span> restored a little HP using its Leftovers!</small></div><div class="spacer"></div><div>Susiis sent out Pheromosa!</div><div><small>The opposing <span class="battle-nickname-foe" title="Pheromosa">Pheromosa</span> was poisoned!</small></div><h2>Turn 19</h2><div class="spacer"></div><div><span class="battle-nickname" title="Celebi">Celebi</span>, come back!</div><div class="spacer"></div><div>Go! Nidoqueen!</div><div class="spacer"></div><div>The opposing <span class="battle-nickname-foe" title="Pheromosa">Pheromosa</span> used <strong>Ice Beam</strong>!</div><div><small>It's super effective! </small><small><span class="battle-nickname" title="Nidoqueen">Nidoqueen</span> lost 59% of its health!</small><br></div><div class="spacer"></div><div><small>The opposing <span class="battle-nickname-foe" title="Pheromosa">Pheromosa</span> was hurt by poison!</small></div><h2>Turn 20</h2><div class="spacer"></div><div>The opposing <span class="battle-nickname-foe" title="Pheromosa">Pheromosa</span> used <strong>Ice Beam</strong>!</div><div><small>It's super effective! </small><small><span class="battle-nickname" title="Nidoqueen">Nidoqueen</span> lost 13% of its health!</small><br></div><div class="spacer"></div><div><span class="battle-nickname" title="Nidoqueen">Nidoqueen</span> fainted!</div><div><small>[Opposing <span class="battle-nickname-foe" title="Pheromosa">Pheromosa</span>'s Beast Boost!]</small></div><div><small>The opposing <span class="battle-nickname-foe" title="Pheromosa">Pheromosa</span>'s Speed rose! </small></div><div class="spacer"></div><div><small>The opposing <span class="battle-nickname-foe" title="Pheromosa">Pheromosa</span> was hurt by poison!</small></div><div class="spacer"></div><div>Go! Celebi!</div><h2>Turn 21</h2><div class="spacer"></div><div>The opposing <span class="battle-nickname-foe" title="Pheromosa">Pheromosa</span> used <strong>Ice Beam</strong>!</div><div><small>It's super effective! </small><small><span class="battle-nickname" title="Celebi">Celebi</span> lost 14% of its health!</small><br></div><div class="spacer"></div><div><span class="battle-nickname" title="Celebi">Celebi</span> fainted!</div><div class="spacer"></div><div>Susiis won the battle!</div><div class="chat"><small>Susiis left.</small></div><div class="chat">flufernutter's rating: 1068 → <strong>1051</strong><br>(-17 for losing)</div><div class="chat">Susiis's rating: 1125 → <strong>1146</strong><br>(+21 for winning)</div><div class="chat"><small>flufernutter left.</small></div><div class="chat"><small>Susiis joined.</small></div></div></div>
</div>
<script>
var daily = Math.floor(Date.now()/1000/60/60/24);document.write('<script src="https://play.pokemonshowdown.com/js/replay-embed.js?version'+daily+'"></'+'script>');
</script>
