<!DOCTYPE html>
<meta charset="utf-8" />
<!-- version 1 -->
<title>[Gen 7] Random Battle replay: Phearean Knight vs. Blastoise Blue</title>
<style>
html,body {font-family:Verdana, sans-serif;font-size:10pt;margin:0;padding:0;}body{padding:12px 0;} .battle-log {font-family:Verdana, sans-serif;font-size:10pt;} .battle-log-inline {border:1px solid #AAAAAA;background:#EEF2F5;color:black;max-width:640px;margin:0 auto 80px;padding-bottom:5px;} .battle-log .inner {padding:4px 8px 0px 8px;} .battle-log .inner-preempt {padding:0 8px 4px 8px;} .battle-log .inner-after {margin-top:0.5em;} .battle-log h2 {margin:0.5em -8px;padding:4px 8px;border:1px solid #AAAAAA;background:#E0E7EA;border-left:0;border-right:0;font-family:Verdana, sans-serif;font-size:13pt;} .battle-log .chat {vertical-align:middle;padding:3px 0 3px 0;font-size:8pt;} .battle-log .chat strong {color:#40576A;} .battle-log .chat em {padding:1px 4px 1px 3px;color:#000000;font-style:normal;} .chat.mine {background:rgba(0,0,0,0.05);margin-left:-8px;margin-right:-8px;padding-left:8px;padding-right:8px;} .spoiler {color:#BBBBBB;background:#BBBBBB;padding:0px 3px;} .spoiler:hover, .spoiler:active, .spoiler-shown {color:#000000;background:#E2E2E2;padding:0px 3px;} .spoiler a {color:#BBBBBB;} .spoiler:hover a, .spoiler:active a, .spoiler-shown a {color:#2288CC;} .chat code, .chat .spoiler:hover code, .chat .spoiler:active code, .chat .spoiler-shown code {border:1px solid #C0C0C0;background:#EEEEEE;color:black;padding:0 2px;} .chat .spoiler code {border:1px solid #CCCCCC;background:#CCCCCC;color:#CCCCCC;} .battle-log .rated {padding:3px 4px;} .battle-log .rated strong {color:white;background:#89A;padding:1px 4px;border-radius:4px;} .spacer {margin-top:0.5em;} .message-announce {background:#6688AA;color:white;padding:1px 4px 2px;} .message-announce a, .broadcast-green a, .broadcast-blue a, .broadcast-red a {color:#DDEEFF;} .broadcast-green {background-color:#559955;color:white;padding:2px 4px;} .broadcast-blue {background-color:#6688AA;color:white;padding:2px 4px;} .infobox {border:1px solid #6688AA;padding:2px 4px;} .infobox-limited {max-height:200px;overflow:auto;overflow-x:hidden;} .broadcast-red {background-color:#AA5544;color:white;padding:2px 4px;} .message-learn-canlearn {font-weight:bold;color:#228822;text-decoration:underline;} .message-learn-cannotlearn {font-weight:bold;color:#CC2222;text-decoration:underline;} .message-effect-weak {font-weight:bold;color:#CC2222;} .message-effect-resist {font-weight:bold;color:#6688AA;} .message-effect-immune {font-weight:bold;color:#666666;} .message-learn-list {margin-top:0;margin-bottom:0;} .message-throttle-notice, .message-error {color:#992222;} .message-overflow, .chat small.message-overflow {font-size:0pt;} .message-overflow::before {font-size:9pt;content:'...';} .subtle {color:#3A4A66;}
</style>
<div class="wrapper replay-wrapper" style="max-width:1180px;margin:0 auto">
<input type="hidden" name="replayid" value="gen7randombattle-566932644" />
<div class="battle"></div><div class="battle-log"></div><div class="replay-controls"></div><div class="replay-controls-2"></div>
<h1 style="font-weight:normal;text-align:center"><strong>[Gen 7] Random Battle</strong><br /><a href="http://pokemonshowdown.com/users/pheareanknight" class="subtle" target="_blank">Phearean Knight</a> vs. <a href="http://pokemonshowdown.com/users/blastoiseblue" class="subtle" target="_blank">Blastoise Blue</a></h1>
<script type="text/plain" class="battle-log-data">|j|Phearean Knight
|j|Blastoise Blue
|player|p1|Phearean Knight|211
|player|p2|Blastoise Blue|170
|gametype|singles
|gen|7
|tier|[Gen 7] Random Battle
|rated
|seed|13306,54256,40746,13618,13516,6326,33985,52399,38182,16855,466,12360
|rule|Sleep Clause Mod: Limit one foe put to sleep
|rule|HP Percentage Mod: HP is shown in percentages
|
|start
|switch|p1a: Sunflora|Sunflora, L79, M|100\/100
|switch|p2a: Breloom|Breloom, L76, M|100\/100
|turn|1
|choice|move sunnyday|move swordsdance
|
|move|p2a: Breloom|Swords Dance|p2a: Breloom
|-boost|p2a: Breloom|atk|2
|move|p1a: Sunflora|Sunny Day|p1a: Sunflora
|-weather|SunnyDay
|
|-weather|SunnyDay|[upkeep]
|upkeep
|turn|2
|choice|move hiddenpower|move machpunch
|
|move|p2a: Breloom|Mach Punch|p1a: Sunflora
|-crit|p1a: Sunflora
|-damage|p1a: Sunflora|0 fnt
|-damage|p2a: Breloom|91\/100|[from] item: Life Orb
|faint|p1a: Sunflora
|
|-weather|SunnyDay|[upkeep]
|upkeep
|choice|switch 3|
|
|switch|p1a: Thundurus|Thundurus, L76, M|100\/100
|turn|3
|choice|move hiddenpower|move rocktomb
|
|move|p1a: Thundurus|Hidden Power|p2a: Breloom
|-supereffective|p2a: Breloom
|-damage|p2a: Breloom|0 fnt
|-damage|p1a: Thundurus|91\/100|[from] item: Life Orb
|faint|p2a: Breloom
|
|-weather|SunnyDay|[upkeep]
|upkeep
|choice||switch 6
|
|switch|p2a: Groudon|Groudon, L73|100\/100
|turn|4
|choice|switch 5|move stoneedge
|
|switch|p1a: Palossand|Palossand, L79, F|100\/100
|move|p2a: Groudon|Stone Edge|p1a: Palossand
|-resisted|p1a: Palossand
|-damage|p1a: Palossand|88\/100
|
|-weather|SunnyDay|[upkeep]
|-heal|p1a: Palossand|94\/100|[from] item: Leftovers
|upkeep
|turn|5
|choice|move toxic|move swordsdance
|
|move|p2a: Groudon|Swords Dance|p2a: Groudon
|-boost|p2a: Groudon|atk|2
|move|p1a: Palossand|Toxic|p2a: Groudon
|-status|p2a: Groudon|tox
|
|-weather|none
|-heal|p1a: Palossand|99\/100|[from] item: Leftovers
|-damage|p2a: Groudon|94\/100 tox|[from] psn
|upkeep
|turn|6
|choice|move earthpower|move earthquake
|
|move|p2a: Groudon|Earthquake|p1a: Palossand
|-damage|p1a: Palossand|20\/100
|move|p1a: Palossand|Earth Power|p2a: Groudon
|-damage|p2a: Groudon|56\/100 tox
|-unboost|p2a: Groudon|spd|1
|
|-heal|p2a: Groudon|62\/100 tox|[from] item: Leftovers
|-heal|p1a: Palossand|26\/100|[from] item: Leftovers
|-damage|p2a: Groudon|50\/100 tox|[from] psn
|upkeep
|turn|7
|choice|move protect|switch 5
|
|switch|p2a: Kricketune|Kricketune, L79, F|100\/100
|move|p1a: Palossand|Protect|p1a: Palossand
|-fail|p1a: Palossand
|
|-heal|p1a: Palossand|32\/100|[from] item: Leftovers
|upkeep
|turn|8
|choice|move protect|move knockoff
|
|move|p1a: Palossand|Protect|p1a: Palossand
|-singleturn|p1a: Palossand|Protect
|move|p2a: Kricketune|Knock Off|p1a: Palossand
|-activate|p1a: Palossand|move: Protect
|
|-heal|p1a: Palossand|38\/100|[from] item: Leftovers
|upkeep
|turn|9
|choice|switch 6|move stickyweb
|
|switch|p1a: Purugly|Purugly, L79, F|100\/100
|move|p2a: Kricketune|Sticky Web|p1a: Purugly
|-sidestart|p1: Phearean Knight|move: Sticky Web
|
|upkeep
|turn|10
|choice|move fakeout|move leechlife
|
|move|p1a: Purugly|Fake Out|p2a: Kricketune
|-crit|p2a: Kricketune
|-damage|p2a: Kricketune|63\/100
|-damage|p1a: Purugly|91\/100|[from] item: Life Orb
|cant|p2a: Kricketune|flinch
|
|-heal|p2a: Kricketune|69\/100|[from] item: Leftovers
|upkeep
|turn|11
|choice|move return|move leechlife
|
|move|p1a: Purugly|Return|p2a: Kricketune
|-damage|p2a: Kricketune|6\/100
|-damage|p1a: Purugly|81\/100|[from] item: Life Orb
|move|p2a: Kricketune|Leech Life|p1a: Purugly
|-damage|p1a: Purugly|23\/100
|-heal|p2a: Kricketune|34\/100|[from] drain|[of] p1a: Purugly
|
|-heal|p2a: Kricketune|40\/100|[from] item: Leftovers
|upkeep
|turn|12
|choice|move return|move leechlife
|
|move|p1a: Purugly|Return|p2a: Kricketune
|-damage|p2a: Kricketune|0 fnt
|-damage|p1a: Purugly|13\/100|[from] item: Life Orb
|faint|p2a: Kricketune
|
|upkeep
|choice||switch 3
|
|switch|p2a: Tsareena|Tsareena, L77, F|100\/100
|turn|13
|choice|switch 5|move playrough
|
|switch|p1a: Thundurus|Thundurus, L76, M|91\/100
|move|p2a: Tsareena|Play Rough|p1a: Thundurus
|-damage|p1a: Thundurus|58\/100
|
|upkeep
|turn|14
|choice|move nastyplot|switch 4
|
|switch|p2a: Sandslash|Sandslash, L79, M|100\/100
|move|p1a: Thundurus|Nasty Plot|p1a: Thundurus
|-boost|p1a: Thundurus|spa|2
|
|upkeep
|turn|15
|choice|move hiddenpower|move knockoff
|
|move|p1a: Thundurus|Hidden Power|p2a: Sandslash
|-damage|p2a: Sandslash|0 fnt
|-damage|p1a: Thundurus|48\/100|[from] item: Life Orb
|faint|p2a: Sandslash
|
|upkeep
|l|Blastoise Blue
|player|p2|
|inactive|Battle timer is ON: inactive players will automatically lose when time's up. (requested by Phearean Knight)
|-message|Blastoise Blue lost due to inactivity.
|
|win|Phearean Knight</script>
</div>
<div class="battle-log battle-log-inline"><div class="inner"><div class="chat"><small>Phearean Knight joined.</small></div><div class="chat"><small>Blastoise Blue joined.</small></div><div style="padding:5px 0"><small>Format:</small> <br><strong>[Gen 7] Random Battle</strong></div><div class="rated"><strong>Rated battle</strong></div><div><small><em>Sleep Clause Mod:</em> Limit one foe put to sleep</small></div><div><small><em>HP Percentage Mod:</em> HP is shown in percentages</small></div><div>Battle between Phearean Knight and Blastoise Blue started!</div><div class="spacer"></div><div>Go! Sunflora!</div><div class="spacer"></div><div>Blastoise Blue sent out Breloom!</div><h2>Turn 1</h2><div class="spacer"></div><div>The opposing <span class="battle-nickname-foe" title="Breloom">Breloom</span> used <strong>Swords Dance</strong>!</div><div><small>The opposing <span class="battle-nickname-foe" title="Breloom">Breloom</span>'s Attack rose sharply! </small></div><div class="spacer"></div><div><span class="battle-nickname" title="Sunflora">Sunflora</span> used <strong>Sunny Day</strong>!</div><div><small>The sunlight turned harsh!</small></div><h2>Turn 2</h2><div class="spacer"></div><div>The opposing <span class="battle-nickname-foe" title="Breloom">Breloom</span> used <strong>Mach Punch</strong>!</div><div><small>A critical hit! </small><small><span class="battle-nickname" title="Sunflora">Sunflora</span> lost 100% of its health!</small><br></div><div><small>The opposing <span class="battle-nickname-foe" title="Breloom">Breloom</span> lost some of its HP!</small></div><div class="spacer"></div><div><span class="battle-nickname" title="Sunflora">Sunflora</span> fainted!</div><div class="spacer"></div><div>Go! Thundurus!</div><h2>Turn 3</h2><div class="spacer"></div><div><span class="battle-nickname" title="Thundurus">Thundurus</span> used <strong>Hidden Power</strong>!</div><div><small>It's super effective! </small><small>The opposing <span class="battle-nickname-foe" title="Breloom">Breloom</span> lost 91% of its health!</small><br></div><div><small><span class="battle-nickname" title="Thundurus">Thundurus</span> lost some of its HP!</small></div><div class="spacer"></div><div>The opposing <span class="battle-nickname-foe" title="Breloom">Breloom</span> fainted!</div><div class="spacer"></div><div>Blastoise Blue sent out Groudon!</div><h2>Turn 4</h2><div class="spacer"></div><div><span class="battle-nickname" title="Thundurus">Thundurus</span>, come back!</div><div class="spacer"></div><div>Go! Palossand!</div><div class="spacer"></div><div>The opposing <span class="battle-nickname-foe" title="Groudon">Groudon</span> used <strong>Stone Edge</strong>!</div><div><small>It's not very effective... </small><small><span class="battle-nickname" title="Palossand">Palossand</span> lost 12% of its health!</small><br></div><div class="spacer"></div><div><small><span class="battle-nickname" title="Palossand">Palossand</span> restored a little HP using its Leftovers!</small></div><h2>Turn 5</h2><div class="spacer"></div><div>The opposing <span class="battle-nickname-foe" title="Groudon">Groudon</span> used <strong>Swords Dance</strong>!</div><div><small>The opposing <span class="battle-nickname-foe" title="Groudon">Groudon</span>'s Attack rose sharply! </small></div><div class="spacer"></div><div><span class="battle-nickname" title="Palossand">Palossand</span> used <strong>Toxic</strong>!</div><div><small>The opposing <span class="battle-nickname-foe" title="Groudon">Groudon</span> was badly poisoned!</small></div><div class="spacer"></div><div><small>The sunlight faded.</small></div><div><small><span class="battle-nickname" title="Palossand">Palossand</span> restored a little HP using its Leftovers!</small></div><div><small>The opposing <span class="battle-nickname-foe" title="Groudon">Groudon</span> was hurt by poison!</small></div><h2>Turn 6</h2><div class="spacer"></div><div>The opposing <span class="battle-nickname-foe" title="Groudon">Groudon</span> used <strong>Earthquake</strong>!</div><div><small><span class="battle-nickname" title="Palossand">Palossand</span> lost 79% of its health!</small><br></div><div class="spacer"></div><div><span class="battle-nickname" title="Palossand">Palossand</span> used <strong>Earth Power</strong>!</div><div><small>The opposing <span class="battle-nickname-foe" title="Groudon">Groudon</span> lost 38% of its health!</small><br></div><div><small>The opposing <span class="battle-nickname-foe" title="Groudon">Groudon</span>'s Special Defense fell! </small></div><div class="spacer"></div><div><small>The opposing <span class="battle-nickname-foe" title="Groudon">Groudon</span> restored a little HP using its Leftovers!</small></div><div><small><span class="battle-nickname" title="Palossand">Palossand</span> restored a little HP using its Leftovers!</small></div><div><small>The opposing <span class="battle-nickname-foe" title="Groudon">Groudon</span> was hurt by poison!</small></div><h2>Turn 7</h2><div class="spacer"></div><div>Blastoise Blue withdrew Groudon!</div><div class="spacer"></div><div>Blastoise Blue sent out Kricketune!</div><div class="spacer"></div><div><span class="battle-nickname" title="Palossand">Palossand</span> used <strong>Protect</strong>!</div><div><small>But it failed!</small></div><div class="spacer"></div><div><small><span class="battle-nickname" title="Palossand">Palossand</span> restored a little HP using its Leftovers!</small></div><h2>Turn 8</h2><div class="spacer"></div><div><span class="battle-nickname" title="Palossand">Palossand</span> used <strong>Protect</strong>!</div><div><small><span class="battle-nickname" title="Palossand">Palossand</span> protected itself!</small></div><div class="spacer"></div><div>The opposing <span class="battle-nickname-foe" title="Kricketune">Kricketune</span> used <strong>Knock Off</strong>!</div><div><small><span class="battle-nickname" title="Palossand">Palossand</span> protected itself!</small></div><div class="spacer"></div><div><small><span class="battle-nickname" title="Palossand">Palossand</span> restored a little HP using its Leftovers!</small></div><h2>Turn 9</h2><div class="spacer"></div><div><span class="battle-nickname" title="Palossand">Palossand</span>, come back!</div><div class="spacer"></div><div>Go! Purugly!</div><div class="spacer"></div><div>The opposing <span class="battle-nickname-foe" title="Kricketune">Kricketune</span> used <strong>Sticky Web</strong>!</div><div><small>A sticky web spreads out on the ground around your team!</small></div><h2>Turn 10</h2><div class="spacer"></div><div><span class="battle-nickname" title="Purugly">Purugly</span> used <strong>Fake Out</strong>!</div><div><small>A critical hit! </small><small>The opposing <span class="battle-nickname-foe" title="Kricketune">Kricketune</span> lost 37% of its health!</small><br></div><div><small><span class="battle-nickname" title="Purugly">Purugly</span> lost some of its HP!</small></div><div class="spacer"></div><div>The opposing <span class="battle-nickname-foe" title="Kricketune">Kricketune</span> flinched and couldn't move!</div><div class="spacer"></div><div><small>The opposing <span class="battle-nickname-foe" title="Kricketune">Kricketune</span> restored a little HP using its Leftovers!</small></div><h2>Turn 11</h2><div class="spacer"></div><div><span class="battle-nickname" title="Purugly">Purugly</span> used <strong>Return</strong>!</div><div><small>The opposing <span class="battle-nickname-foe" title="Kricketune">Kricketune</span> lost 63% of its health!</small><br></div><div><small><span class="battle-nickname" title="Purugly">Purugly</span> lost some of its HP!</small></div><div class="spacer"></div><div>The opposing <span class="battle-nickname-foe" title="Kricketune">Kricketune</span> used <strong>Leech Life</strong>!</div><div><small><span class="battle-nickname" title="Purugly">Purugly</span> lost 58% of its health!</small><br></div><div><small><span class="battle-nickname" title="Purugly">Purugly</span> had its energy drained!</small></div><div class="spacer"></div><div><small>The opposing <span class="battle-nickname-foe" title="Kricketune">Kricketune</span> restored a little HP using its Leftovers!</small></div><h2>Turn 12</h2><div class="spacer"></div><div><span class="battle-nickname" title="Purugly">Purugly</span> used <strong>Return</strong>!</div><div><small>The opposing <span class="battle-nickname-foe" title="Kricketune">Kricketune</span> lost 40% of its health!</small><br></div><div><small><span class="battle-nickname" title="Purugly">Purugly</span> lost some of its HP!</small></div><div class="spacer"></div><div>The opposing <span class="battle-nickname-foe" title="Kricketune">Kricketune</span> fainted!</div><div class="spacer"></div><div>Blastoise Blue sent out Tsareena!</div><h2>Turn 13</h2><div class="spacer"></div><div><span class="battle-nickname" title="Purugly">Purugly</span>, come back!</div><div class="spacer"></div><div>Go! Thundurus!</div><div class="spacer"></div><div>The opposing <span class="battle-nickname-foe" title="Tsareena">Tsareena</span> used <strong>Play Rough</strong>!</div><div><small><span class="battle-nickname" title="Thundurus">Thundurus</span> lost 33% of its health!</small><br></div><h2>Turn 14</h2><div class="spacer"></div><div>Blastoise Blue withdrew Tsareena!</div><div class="spacer"></div><div>Blastoise Blue sent out Sandslash!</div><div class="spacer"></div><div><span class="battle-nickname" title="Thundurus">Thundurus</span> used <strong>Nasty Plot</strong>!</div><div><small><span class="battle-nickname" title="Thundurus">Thundurus</span>'s Special Attack rose sharply! </small></div><h2>Turn 15</h2><div class="spacer"></div><div><span class="battle-nickname" title="Thundurus">Thundurus</span> used <strong>Hidden Power</strong>!</div><div><small>The opposing <span class="battle-nickname-foe" title="Sandslash">Sandslash</span> lost 100% of its health!</small><br></div><div><small><span class="battle-nickname" title="Thundurus">Thundurus</span> lost some of its HP!</small></div><div class="spacer"></div><div>The opposing <span class="battle-nickname-foe" title="Sandslash">Sandslash</span> fainted!</div><div class="chat"><small>Blastoise Blue left.</small></div><div class="chat message-error">Battle timer is ON: inactive players will automatically lose when time's up. (requested by Phearean Knight)</div><div class="spacer"></div><div><small>Blastoise Blue lost due to inactivity.</small></div><div class="spacer"></div><div>Phearean Knight won the battle!</div></div></div>
</div>
<script>
var daily = Math.floor(Date.now()/1000/60/60/24);document.write('<script src="https://play.pokemonshowdown.com/js/replay-embed.js?version'+daily+'"></'+'script>');
</script>
