<!DOCTYPE html>
<meta charset="utf-8" />
<!-- version 1 -->
<title>[Gen 7] Random Battle replay: southlakes14 vs. txetas17</title>
<style>
html,body {font-family:Verdana, sans-serif;font-size:10pt;margin:0;padding:0;}body{padding:12px 0;} .battle-log {font-family:Verdana, sans-serif;font-size:10pt;} .battle-log-inline {border:1px solid #AAAAAA;background:#EEF2F5;color:black;max-width:640px;margin:0 auto 80px;padding-bottom:5px;} .battle-log .inner {padding:4px 8px 0px 8px;} .battle-log .inner-preempt {padding:0 8px 4px 8px;} .battle-log .inner-after {margin-top:0.5em;} .battle-log h2 {margin:0.5em -8px;padding:4px 8px;border:1px solid #AAAAAA;background:#E0E7EA;border-left:0;border-right:0;font-family:Verdana, sans-serif;font-size:13pt;} .battle-log .chat {vertical-align:middle;padding:3px 0 3px 0;font-size:8pt;} .battle-log .chat strong {color:#40576A;} .battle-log .chat em {padding:1px 4px 1px 3px;color:#000000;font-style:normal;} .chat.mine {background:rgba(0,0,0,0.05);margin-left:-8px;margin-right:-8px;padding-left:8px;padding-right:8px;} .spoiler {color:#BBBBBB;background:#BBBBBB;padding:0px 3px;} .spoiler:hover, .spoiler:active, .spoiler-shown {color:#000000;background:#E2E2E2;padding:0px 3px;} .spoiler a {color:#BBBBBB;} .spoiler:hover a, .spoiler:active a, .spoiler-shown a {color:#2288CC;} .chat code, .chat .spoiler:hover code, .chat .spoiler:active code, .chat .spoiler-shown code {border:1px solid #C0C0C0;background:#EEEEEE;color:black;padding:0 2px;} .chat .spoiler code {border:1px solid #CCCCCC;background:#CCCCCC;color:#CCCCCC;} .battle-log .rated {padding:3px 4px;} .battle-log .rated strong {color:white;background:#89A;padding:1px 4px;border-radius:4px;} .spacer {margin-top:0.5em;} .message-announce {background:#6688AA;color:white;padding:1px 4px 2px;} .message-announce a, .broadcast-green a, .broadcast-blue a, .broadcast-red a {color:#DDEEFF;} .broadcast-green {background-color:#559955;color:white;padding:2px 4px;} .broadcast-blue {background-color:#6688AA;color:white;padding:2px 4px;} .infobox {border:1px solid #6688AA;padding:2px 4px;} .infobox-limited {max-height:200px;overflow:auto;overflow-x:hidden;} .broadcast-red {background-color:#AA5544;color:white;padding:2px 4px;} .message-learn-canlearn {font-weight:bold;color:#228822;text-decoration:underline;} .message-learn-cannotlearn {font-weight:bold;color:#CC2222;text-decoration:underline;} .message-effect-weak {font-weight:bold;color:#CC2222;} .message-effect-resist {font-weight:bold;color:#6688AA;} .message-effect-immune {font-weight:bold;color:#666666;} .message-learn-list {margin-top:0;margin-bottom:0;} .message-throttle-notice, .message-error {color:#992222;} .message-overflow, .chat small.message-overflow {font-size:0pt;} .message-overflow::before {font-size:9pt;content:'...';} .subtle {color:#3A4A66;}
</style>
<div class="wrapper replay-wrapper" style="max-width:1180px;margin:0 auto">
<input type="hidden" name="replayid" value="gen7randombattle-566898080" />
<div class="battle"></div><div class="battle-log"></div><div class="replay-controls"></div><div class="replay-controls-2"></div>
<h1 style="font-weight:normal;text-align:center"><strong>[Gen 7] Random Battle</strong><br /><a href="http://pokemonshowdown.com/users/southlakes14" class="subtle" target="_blank">southlakes14</a> vs. <a href="http://pokemonshowdown.com/users/txetas17" class="subtle" target="_blank">txetas17</a></h1>
<script type="text/plain" class="battle-log-data">|j|southlakes14
|j|txetas17
|player|p1|southlakes14|278
|player|p2|txetas17|102
|gametype|singles
|gen|7
|tier|[Gen 7] Random Battle
|rated
|seed|53531,3535,20854,57483,47426,4853,57355,2285,19252,43804,58070,38863
|rule|Sleep Clause Mod: Limit one foe put to sleep
|rule|HP Percentage Mod: HP is shown in percentages
|
|start
|switch|p1a: Kingdra|Kingdra, L79, F|100\/100
|switch|p2a: Solgaleo|Solgaleo, L73|100\/100
|turn|1
|inactive|Battle timer is ON: inactive players will automatically lose when time's up. (requested by southlakes14)
|choice|switch 6|move zenheadbutt
|
|switch|p1a: Dusknoir|Dusknoir, L79, M|100\/100
|-item|p2a: Solgaleo|Choice Scarf|[from] ability: Frisk|[of] p1a: Dusknoir|[identify]
|move|p2a: Solgaleo|Zen Headbutt|p1a: Dusknoir
|-damage|p1a: Dusknoir|71\/100
|
|-heal|p1a: Dusknoir|77\/100|[from] item: Leftovers
|upkeep
|turn|2
|choice|move willowisp|switch 3
|
|switch|p2a: Darkrai|Darkrai, L73|100\/100
|move|p1a: Dusknoir|Will-O-Wisp|p2a: Darkrai
|-status|p2a: Darkrai|brn
|
|-heal|p1a: Dusknoir|83\/100|[from] item: Leftovers
|-damage|p2a: Darkrai|95\/100 brn|[from] brn
|upkeep
|turn|3
|choice|switch 3|move hypnosis
|
|switch|p1a: Porygon2|Porygon2, L79|100\/100
|-ability|p1a: Porygon2|Download|boost
|-boost|p1a: Porygon2|spa|1
|move|p2a: Darkrai|Hypnosis|p1a: Porygon2|[miss]
|-miss|p2a: Darkrai|p1a: Porygon2
|
|-heal|p2a: Darkrai|100\/100 brn|[from] item: Leftovers
|-damage|p2a: Darkrai|95\/100 brn|[from] brn
|upkeep
|turn|4
|choice|move triattack|move nastyplot
|
|move|p2a: Darkrai|Nasty Plot|p2a: Darkrai
|-boost|p2a: Darkrai|spa|2
|move|p1a: Porygon2|Tri Attack|p2a: Darkrai
|-damage|p2a: Darkrai|31\/100 brn
|
|-heal|p2a: Darkrai|37\/100 brn|[from] item: Leftovers
|-damage|p2a: Darkrai|31\/100 brn|[from] brn
|upkeep
|turn|5
|choice|move triattack|move focusblast
|
|move|p2a: Darkrai|Focus Blast|p1a: Porygon2
|-supereffective|p1a: Porygon2
|-damage|p1a: Porygon2|17\/100
|move|p1a: Porygon2|Tri Attack|p2a: Darkrai
|-damage|p2a: Darkrai|0 fnt
|faint|p2a: Darkrai
|
|upkeep
|choice||switch 3
|
|switch|p2a: Solgaleo|Solgaleo, L73|100\/100
|turn|6
|choice|move recover|move sunsteelstrike
|
|move|p2a: Solgaleo|Sunsteel Strike|p1a: Porygon2
|-damage|p1a: Porygon2|0 fnt
|faint|p1a: Porygon2
|
|upkeep
|choice|switch 6|
|
|switch|p1a: Kingdra|Kingdra, L79, F|100\/100
|turn|7
|choice|move waterfall|switch 2
|
|switch|p2a: Mantine|Mantine, L79, F|100\/100
|move|p1a: Kingdra|Waterfall|p2a: Mantine
|-immune|p2a: Mantine|[msg]|[from] ability: Water Absorb
|
|upkeep
|turn|8
|choice|switch 2|move toxic
|
|switch|p1a: Glaceon|Glaceon, L79, F|100\/100
|move|p2a: Mantine|Toxic|p1a: Glaceon
|-status|p1a: Glaceon|tox
|
|-damage|p1a: Glaceon|94\/100 tox|[from] psn
|upkeep
|turn|9
|choice|move healbell|switch 2
|
|switch|p2a: Solgaleo|Solgaleo, L73|100\/100
|move|p1a: Glaceon|Heal Bell|p1a: Glaceon
|-activate|p1a: Glaceon|move: Heal Bell
|-curestatus|p1a: Glaceon|tox|[msg]
|
|-heal|p1a: Glaceon|100\/100|[from] item: Leftovers
|upkeep
|turn|10
|choice|switch 2|move sunsteelstrike
|
|switch|p1a: Kingdra|Kingdra, L79, F|100\/100
|move|p2a: Solgaleo|Sunsteel Strike|p1a: Kingdra
|-resisted|p1a: Kingdra
|-damage|p1a: Kingdra|79\/100
|
|upkeep
|turn|11
|choice|move waterfall|switch 2
|
|switch|p2a: Mantine|Mantine, L79, F|100\/100
|move|p1a: Kingdra|Waterfall|p2a: Mantine
|-immune|p2a: Mantine|[msg]|[from] ability: Water Absorb
|
|upkeep
|turn|12
|choice|switch 2|move toxic
|
|switch|p1a: Glaceon|Glaceon, L79, F|100\/100
|move|p2a: Mantine|Toxic|p1a: Glaceon
|-status|p1a: Glaceon|tox
|
|-damage|p1a: Glaceon|94\/100 tox|[from] psn
|upkeep
|turn|13
|choice|move healbell|move scald
|
|move|p2a: Mantine|Scald|p1a: Glaceon
|-damage|p1a: Glaceon|67\/100 tox
|move|p1a: Glaceon|Heal Bell|p1a: Glaceon
|-activate|p1a: Glaceon|move: Heal Bell
|-curestatus|p1a: Glaceon|tox|[msg]
|
|-heal|p1a: Glaceon|73\/100|[from] item: Leftovers
|upkeep
|turn|14
|choice|move protect|move scald
|
|move|p1a: Glaceon|Protect|p1a: Glaceon
|-singleturn|p1a: Glaceon|Protect
|move|p2a: Mantine|Scald|p1a: Glaceon
|-activate|p1a: Glaceon|move: Protect
|
|-heal|p1a: Glaceon|79\/100|[from] item: Leftovers
|upkeep
|turn|15
|choice|move toxic|move scald
|
|move|p2a: Mantine|Scald|p1a: Glaceon
|-crit|p1a: Glaceon
|-damage|p1a: Glaceon|35\/100
|move|p1a: Glaceon|Toxic|p2a: Mantine
|-status|p2a: Mantine|tox
|
|-heal|p1a: Glaceon|41\/100|[from] item: Leftovers
|-damage|p2a: Mantine|94\/100 tox|[from] psn
|upkeep
|turn|16
|choice|move protect|move scald
|
|move|p1a: Glaceon|Protect|p1a: Glaceon
|-singleturn|p1a: Glaceon|Protect
|move|p2a: Mantine|Scald|p1a: Glaceon
|-activate|p1a: Glaceon|move: Protect
|
|-heal|p2a: Mantine|100\/100 tox|[from] item: Leftovers
|-heal|p1a: Glaceon|47\/100|[from] item: Leftovers
|-damage|p2a: Mantine|88\/100 tox|[from] psn
|upkeep
|turn|17
|choice|switch 2|move scald
|
|switch|p1a: Kingdra|Kingdra, L79, F|79\/100
|move|p2a: Mantine|Scald|p1a: Kingdra
|-resisted|p1a: Kingdra
|-damage|p1a: Kingdra|75\/100
|-status|p1a: Kingdra|brn
|
|-heal|p2a: Mantine|94\/100 tox|[from] item: Leftovers
|-damage|p1a: Kingdra|69\/100 brn|[from] brn
|-damage|p2a: Mantine|76\/100 tox|[from] psn
|upkeep
|turn|18
|choice|move dracometeor|move scald
|
|move|p1a: Kingdra|Draco Meteor|p2a: Mantine
|-damage|p2a: Mantine|45\/100 tox
|-unboost|p1a: Kingdra|spa|2
|move|p2a: Mantine|Scald|p1a: Kingdra
|-resisted|p1a: Kingdra
|-damage|p1a: Kingdra|65\/100 brn
|
|-heal|p2a: Mantine|51\/100 tox|[from] item: Leftovers
|-damage|p1a: Kingdra|59\/100 brn|[from] brn
|-damage|p2a: Mantine|27\/100 tox|[from] psn
|upkeep
|turn|19
|choice|switch 2|move roost
|
|switch|p1a: Glaceon|Glaceon, L79, F|47\/100
|move|p2a: Mantine|Roost|p2a: Mantine
|-heal|p2a: Mantine|77\/100 tox
|
|-heal|p2a: Mantine|83\/100 tox|[from] item: Leftovers
|-heal|p1a: Glaceon|53\/100|[from] item: Leftovers
|-damage|p2a: Mantine|53\/100 tox|[from] psn
|upkeep
|turn|20
|choice|move healbell|switch 2
|
|switch|p2a: Solgaleo|Solgaleo, L73|100\/100
|move|p1a: Glaceon|Heal Bell|p1a: Glaceon
|-activate|p1a: Glaceon|move: Heal Bell
|-curestatus|p1: Kingdra|brn|[msg]
|
|-heal|p1a: Glaceon|59\/100|[from] item: Leftovers
|upkeep
|turn|21
|choice|move protect|move zenheadbutt
|
|move|p1a: Glaceon|Protect|p1a: Glaceon
|-singleturn|p1a: Glaceon|Protect
|move|p2a: Solgaleo|Zen Headbutt|p1a: Glaceon
|-activate|p1a: Glaceon|move: Protect
|
|-heal|p1a: Glaceon|65\/100|[from] item: Leftovers
|upkeep
|turn|22
|choice|switch 3|move zenheadbutt
|
|switch|p1a: Dusknoir|Dusknoir, L79, M|83\/100
|-item|p2a: Solgaleo|Choice Scarf|[from] ability: Frisk|[of] p1a: Dusknoir|[identify]
|move|p2a: Solgaleo|Zen Headbutt|p1a: Dusknoir
|-damage|p1a: Dusknoir|48\/100
|
|-heal|p1a: Dusknoir|54\/100|[from] item: Leftovers
|upkeep
|turn|23
|choice|move substitute|switch 2
|
|switch|p2a: Mantine|Mantine, L79, F|53\/100 tox
|move|p1a: Dusknoir|Substitute|p1a: Dusknoir
|-start|p1a: Dusknoir|Substitute
|-damage|p1a: Dusknoir|29\/100
|
|-heal|p2a: Mantine|59\/100 tox|[from] item: Leftovers
|-heal|p1a: Dusknoir|35\/100|[from] item: Leftovers
|-damage|p2a: Mantine|53\/100 tox|[from] psn
|upkeep
|turn|24
|choice|move painsplit|move roost
|
|move|p2a: Mantine|Roost|p2a: Mantine
|-heal|p2a: Mantine|100\/100 tox
|move|p1a: Dusknoir|Pain Split|p2a: Mantine
|-sethp|p2a: Mantine|64\/100 tox|p1a: Dusknoir|83\/100|[from] move: Pain Split
|
|-heal|p2a: Mantine|70\/100 tox|[from] item: Leftovers
|-heal|p1a: Dusknoir|89\/100|[from] item: Leftovers
|-damage|p2a: Mantine|58\/100 tox|[from] psn
|upkeep
|turn|25
|choice|move shadowsneak|move scald
|
|move|p1a: Dusknoir|Shadow Sneak|p2a: Mantine
|-damage|p2a: Mantine|38\/100 tox
|move|p2a: Mantine|Scald|p1a: Dusknoir
|-end|p1a: Dusknoir|Substitute
|
|-heal|p2a: Mantine|44\/100 tox|[from] item: Leftovers
|-heal|p1a: Dusknoir|95\/100|[from] item: Leftovers
|-damage|p2a: Mantine|26\/100 tox|[from] psn
|upkeep
|turn|26
|choice|move shadowsneak|move scald
|
|move|p1a: Dusknoir|Shadow Sneak|p2a: Mantine
|-damage|p2a: Mantine|7\/100 tox
|move|p2a: Mantine|Scald|p1a: Dusknoir
|-damage|p1a: Dusknoir|72\/100
|
|-heal|p2a: Mantine|13\/100 tox|[from] item: Leftovers
|-heal|p1a: Dusknoir|78\/100|[from] item: Leftovers
|-damage|p2a: Mantine|0 fnt|[from] psn
|upkeep
|faint|p2a: Mantine
|choice||switch 5
|
|switch|p2a: Decidueye|Decidueye, L77, F|100\/100
|turn|27
|choice|switch 4|move spiritshackle
|
|switch|p1a: Braviary|Braviary, L79, M|100\/100
|move|p2a: Decidueye|Spirit Shackle|p1a: Braviary
|-immune|p1a: Braviary|[msg]
|
|upkeep
|turn|28
|choice|move bravebird|switch 2
|
|switch|p2a: Solgaleo|Solgaleo, L73|100\/100
|move|p1a: Braviary|Brave Bird|p2a: Solgaleo
|-resisted|p2a: Solgaleo
|-damage|p2a: Solgaleo|75\/100
|-damage|p1a: Braviary|91\/100|[from] recoil|[of] p2a: Solgaleo
|-damage|p1a: Braviary|81\/100|[from] item: Life Orb
|
|upkeep
|turn|29
|choice|switch 4|move zenheadbutt
|
|switch|p1a: Dusknoir|Dusknoir, L79, M|78\/100
|-item|p2a: Solgaleo|Choice Scarf|[from] ability: Frisk|[of] p1a: Dusknoir|[identify]
|move|p2a: Solgaleo|Zen Headbutt|p1a: Dusknoir
|-damage|p1a: Dusknoir|47\/100
|
|-heal|p1a: Dusknoir|53\/100|[from] item: Leftovers
|upkeep
|turn|30
|choice|move willowisp|move zenheadbutt
|
|move|p2a: Solgaleo|Zen Headbutt|p1a: Dusknoir
|-damage|p1a: Dusknoir|19\/100
|move|p1a: Dusknoir|Will-O-Wisp|p2a: Solgaleo
|-status|p2a: Solgaleo|brn
|
|-heal|p1a: Dusknoir|25\/100|[from] item: Leftovers
|-damage|p2a: Solgaleo|69\/100 brn|[from] brn
|upkeep
|turn|31
|choice|move painsplit|move zenheadbutt
|
|move|p2a: Solgaleo|Zen Headbutt|p1a: Dusknoir
|-damage|p1a: Dusknoir|8\/100
|cant|p1a: Dusknoir|flinch
|
|-heal|p1a: Dusknoir|14\/100|[from] item: Leftovers
|-damage|p2a: Solgaleo|62\/100 brn|[from] brn
|upkeep
|turn|32
|choice|switch 2|move zenheadbutt
|
|switch|p1a: Kingdra|Kingdra, L79, F|59\/100
|move|p2a: Solgaleo|Zen Headbutt|p1a: Kingdra|[miss]
|-miss|p2a: Solgaleo|p1a: Kingdra
|
|-damage|p2a: Solgaleo|56\/100 brn|[from] brn
|upkeep
|turn|33
|-message|txetas17 forfeited.
|
|win|southlakes14
|l|txetas17</script>
</div>
<div class="battle-log battle-log-inline"><div class="inner"><div class="chat"><small>southlakes14 joined.</small></div><div class="chat"><small>txetas17 joined.</small></div><div style="padding:5px 0"><small>Format:</small> <br><strong>[Gen 7] Random Battle</strong></div><div class="rated"><strong>Rated battle</strong></div><div><small><em>Sleep Clause Mod:</em> Limit one foe put to sleep</small></div><div><small><em>HP Percentage Mod:</em> HP is shown in percentages</small></div><div>Battle between southlakes14 and txetas17 started!</div><div class="spacer"></div><div>Go! Kingdra!</div><div class="spacer"></div><div>txetas17 sent out Solgaleo!</div><h2>Turn 1</h2><div class="chat message-error">Battle timer is ON: inactive players will automatically lose when time's up. (requested by southlakes14)</div><div class="spacer"></div><div><span class="battle-nickname" title="Kingdra">Kingdra</span>, come back!</div><div class="spacer"></div><div>Go! Dusknoir!</div><div><small>[<span class="battle-nickname" title="Dusknoir">Dusknoir</span>'s Frisk!]</small></div><div><small><span class="battle-nickname" title="Dusknoir">Dusknoir</span> frisked the opposing <span class="battle-nickname-foe" title="Solgaleo">Solgaleo</span> and found its Choice Scarf!</small></div><div class="spacer"></div><div>The opposing <span class="battle-nickname-foe" title="Solgaleo">Solgaleo</span> used <strong>Zen Headbutt</strong>!</div><div><small><span class="battle-nickname" title="Dusknoir">Dusknoir</span> lost 29% of its health!</small><br></div><div class="spacer"></div><div><small><span class="battle-nickname" title="Dusknoir">Dusknoir</span> restored a little HP using its Leftovers!</small></div><h2>Turn 2</h2><div class="spacer"></div><div>txetas17 withdrew Solgaleo!</div><div class="spacer"></div><div>txetas17 sent out Darkrai!</div><div class="spacer"></div><div><span class="battle-nickname" title="Dusknoir">Dusknoir</span> used <strong>Will-O-Wisp</strong>!</div><div><small>The opposing <span class="battle-nickname-foe" title="Darkrai">Darkrai</span> was burned!</small></div><div class="spacer"></div><div><small><span class="battle-nickname" title="Dusknoir">Dusknoir</span> restored a little HP using its Leftovers!</small></div><div><small>The opposing <span class="battle-nickname-foe" title="Darkrai">Darkrai</span> was hurt by its burn!</small></div><h2>Turn 3</h2><div class="spacer"></div><div><span class="battle-nickname" title="Dusknoir">Dusknoir</span>, come back!</div><div class="spacer"></div><div>Go! Porygon2!</div><div><small>[<span class="battle-nickname" title="Porygon2">Porygon2</span>'s Download!]</small></div><div><small><span class="battle-nickname" title="Porygon2">Porygon2</span>'s Special Attack rose! </small></div><div class="spacer"></div><div>The opposing <span class="battle-nickname-foe" title="Darkrai">Darkrai</span> used <strong>Hypnosis</strong>!</div><div><small><span class="battle-nickname" title="Porygon2">Porygon2</span> avoided the attack!</small></div><div class="spacer"></div><div><small>The opposing <span class="battle-nickname-foe" title="Darkrai">Darkrai</span> restored a little HP using its Leftovers!</small></div><div><small>The opposing <span class="battle-nickname-foe" title="Darkrai">Darkrai</span> was hurt by its burn!</small></div><h2>Turn 4</h2><div class="spacer"></div><div>The opposing <span class="battle-nickname-foe" title="Darkrai">Darkrai</span> used <strong>Nasty Plot</strong>!</div><div><small>The opposing <span class="battle-nickname-foe" title="Darkrai">Darkrai</span>'s Special Attack rose sharply! </small></div><div class="spacer"></div><div><span class="battle-nickname" title="Porygon2">Porygon2</span> used <strong>Tri Attack</strong>!</div><div><small>The opposing <span class="battle-nickname-foe" title="Darkrai">Darkrai</span> lost 64% of its health!</small><br></div><div class="spacer"></div><div><small>The opposing <span class="battle-nickname-foe" title="Darkrai">Darkrai</span> restored a little HP using its Leftovers!</small></div><div><small>The opposing <span class="battle-nickname-foe" title="Darkrai">Darkrai</span> was hurt by its burn!</small></div><h2>Turn 5</h2><div class="spacer"></div><div>The opposing <span class="battle-nickname-foe" title="Darkrai">Darkrai</span> used <strong>Focus Blast</strong>!</div><div><small>It's super effective! </small><small><span class="battle-nickname" title="Porygon2">Porygon2</span> lost 83% of its health!</small><br></div><div class="spacer"></div><div><span class="battle-nickname" title="Porygon2">Porygon2</span> used <strong>Tri Attack</strong>!</div><div><small>The opposing <span class="battle-nickname-foe" title="Darkrai">Darkrai</span> lost 31% of its health!</small><br></div><div class="spacer"></div><div>The opposing <span class="battle-nickname-foe" title="Darkrai">Darkrai</span> fainted!</div><div class="spacer"></div><div>txetas17 sent out Solgaleo!</div><h2>Turn 6</h2><div class="spacer"></div><div>The opposing <span class="battle-nickname-foe" title="Solgaleo">Solgaleo</span> used <strong>Sunsteel Strike</strong>!</div><div><small><span class="battle-nickname" title="Porygon2">Porygon2</span> lost 17% of its health!</small><br></div><div class="spacer"></div><div><span class="battle-nickname" title="Porygon2">Porygon2</span> fainted!</div><div class="spacer"></div><div>Go! Kingdra!</div><h2>Turn 7</h2><div class="spacer"></div><div>txetas17 withdrew Solgaleo!</div><div class="spacer"></div><div>txetas17 sent out Mantine!</div><div class="spacer"></div><div><span class="battle-nickname" title="Kingdra">Kingdra</span> used <strong>Waterfall</strong>!</div><div><small>[Opposing <span class="battle-nickname-foe" title="Mantine">Mantine</span>'s Water Absorb!]</small></div><div><small>It doesn't affect the opposing <span class="battle-nickname-foe" title="Mantine">Mantine</span>... </small></div><h2>Turn 8</h2><div class="spacer"></div><div><span class="battle-nickname" title="Kingdra">Kingdra</span>, come back!</div><div class="spacer"></div><div>Go! Glaceon!</div><div class="spacer"></div><div>The opposing <span class="battle-nickname-foe" title="Mantine">Mantine</span> used <strong>Toxic</strong>!</div><div><small><span class="battle-nickname" title="Glaceon">Glaceon</span> was badly poisoned!</small></div><div class="spacer"></div><div><small><span class="battle-nickname" title="Glaceon">Glaceon</span> was hurt by poison!</small></div><h2>Turn 9</h2><div class="spacer"></div><div>txetas17 withdrew Mantine!</div><div class="spacer"></div><div>txetas17 sent out Solgaleo!</div><div class="spacer"></div><div><span class="battle-nickname" title="Glaceon">Glaceon</span> used <strong>Heal Bell</strong>!</div><div><small>A bell chimed!</small></div><div><small><span class="battle-nickname" title="Glaceon">Glaceon</span> was cured of its poisoning.</small></div><div class="spacer"></div><div><small><span class="battle-nickname" title="Glaceon">Glaceon</span> restored a little HP using its Leftovers!</small></div><h2>Turn 10</h2><div class="spacer"></div><div><span class="battle-nickname" title="Glaceon">Glaceon</span>, come back!</div><div class="spacer"></div><div>Go! Kingdra!</div><div class="spacer"></div><div>The opposing <span class="battle-nickname-foe" title="Solgaleo">Solgaleo</span> used <strong>Sunsteel Strike</strong>!</div><div><small>It's not very effective... </small><small><span class="battle-nickname" title="Kingdra">Kingdra</span> lost 21% of its health!</small><br></div><h2>Turn 11</h2><div class="spacer"></div><div>txetas17 withdrew Solgaleo!</div><div class="spacer"></div><div>txetas17 sent out Mantine!</div><div class="spacer"></div><div><span class="battle-nickname" title="Kingdra">Kingdra</span> used <strong>Waterfall</strong>!</div><div><small>[Opposing <span class="battle-nickname-foe" title="Mantine">Mantine</span>'s Water Absorb!]</small></div><div><small>It doesn't affect the opposing <span class="battle-nickname-foe" title="Mantine">Mantine</span>... </small></div><h2>Turn 12</h2><div class="spacer"></div><div><span class="battle-nickname" title="Kingdra">Kingdra</span>, come back!</div><div class="spacer"></div><div>Go! Glaceon!</div><div class="spacer"></div><div>The opposing <span class="battle-nickname-foe" title="Mantine">Mantine</span> used <strong>Toxic</strong>!</div><div><small><span class="battle-nickname" title="Glaceon">Glaceon</span> was badly poisoned!</small></div><div class="spacer"></div><div><small><span class="battle-nickname" title="Glaceon">Glaceon</span> was hurt by poison!</small></div><h2>Turn 13</h2><div class="spacer"></div><div>The opposing <span class="battle-nickname-foe" title="Mantine">Mantine</span> used <strong>Scald</strong>!</div><div><small><span class="battle-nickname" title="Glaceon">Glaceon</span> lost 27% of its health!</small><br></div><div class="spacer"></div><div><span class="battle-nickname" title="Glaceon">Glaceon</span> used <strong>Heal Bell</strong>!</div><div><small>A bell chimed!</small></div><div><small><span class="battle-nickname" title="Glaceon">Glaceon</span> was cured of its poisoning.</small></div><div class="spacer"></div><div><small><span class="battle-nickname" title="Glaceon">Glaceon</span> restored a little HP using its Leftovers!</small></div><h2>Turn 14</h2><div class="spacer"></div><div><span class="battle-nickname" title="Glaceon">Glaceon</span> used <strong>Protect</strong>!</div><div><small><span class="battle-nickname" title="Glaceon">Glaceon</span> protected itself!</small></div><div class="spacer"></div><div>The opposing <span class="battle-nickname-foe" title="Mantine">Mantine</span> used <strong>Scald</strong>!</div><div><small><span class="battle-nickname" title="Glaceon">Glaceon</span> protected itself!</small></div><div class="spacer"></div><div><small><span class="battle-nickname" title="Glaceon">Glaceon</span> restored a little HP using its Leftovers!</small></div><h2>Turn 15</h2><div class="spacer"></div><div>The opposing <span class="battle-nickname-foe" title="Mantine">Mantine</span> used <strong>Scald</strong>!</div><div><small>A critical hit! </small><small><span class="battle-nickname" title="Glaceon">Glaceon</span> lost 44% of its health!</small><br></div><div class="spacer"></div><div><span class="battle-nickname" title="Glaceon">Glaceon</span> used <strong>Toxic</strong>!</div><div><small>The opposing <span class="battle-nickname-foe" title="Mantine">Mantine</span> was badly poisoned!</small></div><div class="spacer"></div><div><small><span class="battle-nickname" title="Glaceon">Glaceon</span> restored a little HP using its Leftovers!</small></div><div><small>The opposing <span class="battle-nickname-foe" title="Mantine">Mantine</span> was hurt by poison!</small></div><h2>Turn 16</h2><div class="spacer"></div><div><span class="battle-nickname" title="Glaceon">Glaceon</span> used <strong>Protect</strong>!</div><div><small><span class="battle-nickname" title="Glaceon">Glaceon</span> protected itself!</small></div><div class="spacer"></div><div>The opposing <span class="battle-nickname-foe" title="Mantine">Mantine</span> used <strong>Scald</strong>!</div><div><small><span class="battle-nickname" title="Glaceon">Glaceon</span> protected itself!</small></div><div class="spacer"></div><div><small>The opposing <span class="battle-nickname-foe" title="Mantine">Mantine</span> restored a little HP using its Leftovers!</small></div><div><small><span class="battle-nickname" title="Glaceon">Glaceon</span> restored a little HP using its Leftovers!</small></div><div><small>The opposing <span class="battle-nickname-foe" title="Mantine">Mantine</span> was hurt by poison!</small></div><h2>Turn 17</h2><div class="spacer"></div><div><span class="battle-nickname" title="Glaceon">Glaceon</span>, come back!</div><div class="spacer"></div><div>Go! Kingdra!</div><div class="spacer"></div><div>The opposing <span class="battle-nickname-foe" title="Mantine">Mantine</span> used <strong>Scald</strong>!</div><div><small>It's not very effective... </small><small><span class="battle-nickname" title="Kingdra">Kingdra</span> lost 4% of its health!</small><br></div><div><small><span class="battle-nickname" title="Kingdra">Kingdra</span> was burned!</small></div><div class="spacer"></div><div><small>The opposing <span class="battle-nickname-foe" title="Mantine">Mantine</span> restored a little HP using its Leftovers!</small></div><div><small><span class="battle-nickname" title="Kingdra">Kingdra</span> was hurt by its burn!</small></div><div><small>The opposing <span class="battle-nickname-foe" title="Mantine">Mantine</span> was hurt by poison!</small></div><h2>Turn 18</h2><div class="spacer"></div><div><span class="battle-nickname" title="Kingdra">Kingdra</span> used <strong>Draco Meteor</strong>!</div><div><small>The opposing <span class="battle-nickname-foe" title="Mantine">Mantine</span> lost 31% of its health!</small><br></div><div><small><span class="battle-nickname" title="Kingdra">Kingdra</span>'s Special Attack fell harshly! </small></div><div class="spacer"></div><div>The opposing <span class="battle-nickname-foe" title="Mantine">Mantine</span> used <strong>Scald</strong>!</div><div><small>It's not very effective... </small><small><span class="battle-nickname" title="Kingdra">Kingdra</span> lost 4% of its health!</small><br></div><div class="spacer"></div><div><small>The opposing <span class="battle-nickname-foe" title="Mantine">Mantine</span> restored a little HP using its Leftovers!</small></div><div><small><span class="battle-nickname" title="Kingdra">Kingdra</span> was hurt by its burn!</small></div><div><small>The opposing <span class="battle-nickname-foe" title="Mantine">Mantine</span> was hurt by poison!</small></div><h2>Turn 19</h2><div class="spacer"></div><div><span class="battle-nickname" title="Kingdra">Kingdra</span>, come back!</div><div class="spacer"></div><div>Go! Glaceon!</div><div class="spacer"></div><div>The opposing <span class="battle-nickname-foe" title="Mantine">Mantine</span> used <strong>Roost</strong>!</div><div><small>The opposing <span class="battle-nickname-foe" title="Mantine">Mantine</span> restored its HP.</small></div><div class="spacer"></div><div><small>The opposing <span class="battle-nickname-foe" title="Mantine">Mantine</span> restored a little HP using its Leftovers!</small></div><div><small><span class="battle-nickname" title="Glaceon">Glaceon</span> restored a little HP using its Leftovers!</small></div><div><small>The opposing <span class="battle-nickname-foe" title="Mantine">Mantine</span> was hurt by poison!</small></div><h2>Turn 20</h2><div class="spacer"></div><div>txetas17 withdrew Mantine!</div><div class="spacer"></div><div>txetas17 sent out Solgaleo!</div><div class="spacer"></div><div><span class="battle-nickname" title="Glaceon">Glaceon</span> used <strong>Heal Bell</strong>!</div><div><small>A bell chimed!</small></div><div><small><span class="battle-nickname" title="Kingdra">Kingdra</span>'s burn was healed.</small></div><div class="spacer"></div><div><small><span class="battle-nickname" title="Glaceon">Glaceon</span> restored a little HP using its Leftovers!</small></div><h2>Turn 21</h2><div class="spacer"></div><div><span class="battle-nickname" title="Glaceon">Glaceon</span> used <strong>Protect</strong>!</div><div><small><span class="battle-nickname" title="Glaceon">Glaceon</span> protected itself!</small></div><div class="spacer"></div><div>The opposing <span class="battle-nickname-foe" title="Solgaleo">Solgaleo</span> used <strong>Zen Headbutt</strong>!</div><div><small><span class="battle-nickname" title="Glaceon">Glaceon</span> protected itself!</small></div><div class="spacer"></div><div><small><span class="battle-nickname" title="Glaceon">Glaceon</span> restored a little HP using its Leftovers!</small></div><h2>Turn 22</h2><div class="spacer"></div><div><span class="battle-nickname" title="Glaceon">Glaceon</span>, come back!</div><div class="spacer"></div><div>Go! Dusknoir!</div><div><small>[<span class="battle-nickname" title="Dusknoir">Dusknoir</span>'s Frisk!]</small></div><div><small><span class="battle-nickname" title="Dusknoir">Dusknoir</span> frisked the opposing <span class="battle-nickname-foe" title="Solgaleo">Solgaleo</span> and found its Choice Scarf!</small></div><div class="spacer"></div><div>The opposing <span class="battle-nickname-foe" title="Solgaleo">Solgaleo</span> used <strong>Zen Headbutt</strong>!</div><div><small><span class="battle-nickname" title="Dusknoir">Dusknoir</span> lost 35% of its health!</small><br></div><div class="spacer"></div><div><small><span class="battle-nickname" title="Dusknoir">Dusknoir</span> restored a little HP using its Leftovers!</small></div><h2>Turn 23</h2><div class="spacer"></div><div>txetas17 withdrew Solgaleo!</div><div class="spacer"></div><div>txetas17 sent out Mantine!</div><div class="spacer"></div><div><span class="battle-nickname" title="Dusknoir">Dusknoir</span> used <strong>Substitute</strong>!</div><div><small><span class="battle-nickname" title="Dusknoir">Dusknoir</span> put in a substitute!</small></div><div><small><span class="battle-nickname" title="Dusknoir">Dusknoir</span> lost 25% of its health!</small><br></div><div class="spacer"></div><div><small>The opposing <span class="battle-nickname-foe" title="Mantine">Mantine</span> restored a little HP using its Leftovers!</small></div><div><small><span class="battle-nickname" title="Dusknoir">Dusknoir</span> restored a little HP using its Leftovers!</small></div><div><small>The opposing <span class="battle-nickname-foe" title="Mantine">Mantine</span> was hurt by poison!</small></div><h2>Turn 24</h2><div class="spacer"></div><div>The opposing <span class="battle-nickname-foe" title="Mantine">Mantine</span> used <strong>Roost</strong>!</div><div><small>The opposing <span class="battle-nickname-foe" title="Mantine">Mantine</span> restored its HP.</small></div><div class="spacer"></div><div><span class="battle-nickname" title="Dusknoir">Dusknoir</span> used <strong>Pain Split</strong>!</div><div><small>The battlers shared their pain!</small></div><div class="spacer"></div><div><small>The opposing <span class="battle-nickname-foe" title="Mantine">Mantine</span> restored a little HP using its Leftovers!</small></div><div><small><span class="battle-nickname" title="Dusknoir">Dusknoir</span> restored a little HP using its Leftovers!</small></div><div><small>The opposing <span class="battle-nickname-foe" title="Mantine">Mantine</span> was hurt by poison!</small></div><h2>Turn 25</h2><div class="spacer"></div><div><span class="battle-nickname" title="Dusknoir">Dusknoir</span> used <strong>Shadow Sneak</strong>!</div><div><small>The opposing <span class="battle-nickname-foe" title="Mantine">Mantine</span> lost 19% of its health!</small><br></div><div class="spacer"></div><div>The opposing <span class="battle-nickname-foe" title="Mantine">Mantine</span> used <strong>Scald</strong>!</div><div><small><span class="battle-nickname" title="Dusknoir">Dusknoir</span>'s substitute faded!</small></div><div class="spacer"></div><div><small>The opposing <span class="battle-nickname-foe" title="Mantine">Mantine</span> restored a little HP using its Leftovers!</small></div><div><small><span class="battle-nickname" title="Dusknoir">Dusknoir</span> restored a little HP using its Leftovers!</small></div><div><small>The opposing <span class="battle-nickname-foe" title="Mantine">Mantine</span> was hurt by poison!</small></div><h2>Turn 26</h2><div class="spacer"></div><div><span class="battle-nickname" title="Dusknoir">Dusknoir</span> used <strong>Shadow Sneak</strong>!</div><div><small>The opposing <span class="battle-nickname-foe" title="Mantine">Mantine</span> lost 19% of its health!</small><br></div><div class="spacer"></div><div>The opposing <span class="battle-nickname-foe" title="Mantine">Mantine</span> used <strong>Scald</strong>!</div><div><small><span class="battle-nickname" title="Dusknoir">Dusknoir</span> lost 23% of its health!</small><br></div><div class="spacer"></div><div><small>The opposing <span class="battle-nickname-foe" title="Mantine">Mantine</span> restored a little HP using its Leftovers!</small></div><div><small><span class="battle-nickname" title="Dusknoir">Dusknoir</span> restored a little HP using its Leftovers!</small></div><div><small>The opposing <span class="battle-nickname-foe" title="Mantine">Mantine</span> was hurt by poison!</small></div><div class="spacer"></div><div>The opposing <span class="battle-nickname-foe" title="Mantine">Mantine</span> fainted!</div><div class="spacer"></div><div>txetas17 sent out Decidueye!</div><h2>Turn 27</h2><div class="spacer"></div><div><span class="battle-nickname" title="Dusknoir">Dusknoir</span>, come back!</div><div class="spacer"></div><div>Go! Braviary!</div><div class="spacer"></div><div>The opposing <span class="battle-nickname-foe" title="Decidueye">Decidueye</span> used <strong>Spirit Shackle</strong>!</div><div><small>It doesn't affect <span class="battle-nickname" title="Braviary">Braviary</span>... </small></div><h2>Turn 28</h2><div class="spacer"></div><div>txetas17 withdrew Decidueye!</div><div class="spacer"></div><div>txetas17 sent out Solgaleo!</div><div class="spacer"></div><div><span class="battle-nickname" title="Braviary">Braviary</span> used <strong>Brave Bird</strong>!</div><div><small>It's not very effective... </small><small>The opposing <span class="battle-nickname-foe" title="Solgaleo">Solgaleo</span> lost 25% of its health!</small><br></div><div><small><span class="battle-nickname" title="Braviary">Braviary</span> is damaged by the recoil!</small></div><div><small><span class="battle-nickname" title="Braviary">Braviary</span> lost some of its HP!</small></div><h2>Turn 29</h2><div class="spacer"></div><div><span class="battle-nickname" title="Braviary">Braviary</span>, come back!</div><div class="spacer"></div><div>Go! Dusknoir!</div><div><small>[<span class="battle-nickname" title="Dusknoir">Dusknoir</span>'s Frisk!]</small></div><div><small><span class="battle-nickname" title="Dusknoir">Dusknoir</span> frisked the opposing <span class="battle-nickname-foe" title="Solgaleo">Solgaleo</span> and found its Choice Scarf!</small></div><div class="spacer"></div><div>The opposing <span class="battle-nickname-foe" title="Solgaleo">Solgaleo</span> used <strong>Zen Headbutt</strong>!</div><div><small><span class="battle-nickname" title="Dusknoir">Dusknoir</span> lost 31% of its health!</small><br></div><div class="spacer"></div><div><small><span class="battle-nickname" title="Dusknoir">Dusknoir</span> restored a little HP using its Leftovers!</small></div><h2>Turn 30</h2><div class="spacer"></div><div>The opposing <span class="battle-nickname-foe" title="Solgaleo">Solgaleo</span> used <strong>Zen Headbutt</strong>!</div><div><small><span class="battle-nickname" title="Dusknoir">Dusknoir</span> lost 34% of its health!</small><br></div><div class="spacer"></div><div><span class="battle-nickname" title="Dusknoir">Dusknoir</span> used <strong>Will-O-Wisp</strong>!</div><div><small>The opposing <span class="battle-nickname-foe" title="Solgaleo">Solgaleo</span> was burned!</small></div><div class="spacer"></div><div><small><span class="battle-nickname" title="Dusknoir">Dusknoir</span> restored a little HP using its Leftovers!</small></div><div><small>The opposing <span class="battle-nickname-foe" title="Solgaleo">Solgaleo</span> was hurt by its burn!</small></div><h2>Turn 31</h2><div class="spacer"></div><div>The opposing <span class="battle-nickname-foe" title="Solgaleo">Solgaleo</span> used <strong>Zen Headbutt</strong>!</div><div><small><span class="battle-nickname" title="Dusknoir">Dusknoir</span> lost 17% of its health!</small><br></div><div class="spacer"></div><div><span class="battle-nickname" title="Dusknoir">Dusknoir</span> flinched and couldn't move!</div><div class="spacer"></div><div><small><span class="battle-nickname" title="Dusknoir">Dusknoir</span> restored a little HP using its Leftovers!</small></div><div><small>The opposing <span class="battle-nickname-foe" title="Solgaleo">Solgaleo</span> was hurt by its burn!</small></div><h2>Turn 32</h2><div class="spacer"></div><div><span class="battle-nickname" title="Dusknoir">Dusknoir</span>, come back!</div><div class="spacer"></div><div>Go! Kingdra!</div><div class="spacer"></div><div>The opposing <span class="battle-nickname-foe" title="Solgaleo">Solgaleo</span> used <strong>Zen Headbutt</strong>!</div><div><small><span class="battle-nickname" title="Kingdra">Kingdra</span> avoided the attack!</small></div><div class="spacer"></div><div><small>The opposing <span class="battle-nickname-foe" title="Solgaleo">Solgaleo</span> was hurt by its burn!</small></div><h2>Turn 33</h2><div class="spacer"></div><div><small>txetas17 forfeited.</small></div><div class="spacer"></div><div>southlakes14 won the battle!</div><div class="chat"><small>txetas17 left.</small></div></div></div>
</div>
<script>
var daily = Math.floor(Date.now()/1000/60/60/24);document.write('<script src="https://play.pokemonshowdown.com/js/replay-embed.js?version'+daily+'"></'+'script>');
</script>
