<!DOCTYPE html>
<meta charset="utf-8" />
<!-- version 1 -->
<title>[Gen 7] Random Battle replay: weberbrazil537 vs. Ufidksjs</title>
<style>
html,body {font-family:Verdana, sans-serif;font-size:10pt;margin:0;padding:0;}body{padding:12px 0;} .battle-log {font-family:Verdana, sans-serif;font-size:10pt;} .battle-log-inline {border:1px solid #AAAAAA;background:#EEF2F5;color:black;max-width:640px;margin:0 auto 80px;padding-bottom:5px;} .battle-log .inner {padding:4px 8px 0px 8px;} .battle-log .inner-preempt {padding:0 8px 4px 8px;} .battle-log .inner-after {margin-top:0.5em;} .battle-log h2 {margin:0.5em -8px;padding:4px 8px;border:1px solid #AAAAAA;background:#E0E7EA;border-left:0;border-right:0;font-family:Verdana, sans-serif;font-size:13pt;} .battle-log .chat {vertical-align:middle;padding:3px 0 3px 0;font-size:8pt;} .battle-log .chat strong {color:#40576A;} .battle-log .chat em {padding:1px 4px 1px 3px;color:#000000;font-style:normal;} .chat.mine {background:rgba(0,0,0,0.05);margin-left:-8px;margin-right:-8px;padding-left:8px;padding-right:8px;} .spoiler {color:#BBBBBB;background:#BBBBBB;padding:0px 3px;} .spoiler:hover, .spoiler:active, .spoiler-shown {color:#000000;background:#E2E2E2;padding:0px 3px;} .spoiler a {color:#BBBBBB;} .spoiler:hover a, .spoiler:active a, .spoiler-shown a {color:#2288CC;} .chat code, .chat .spoiler:hover code, .chat .spoiler:active code, .chat .spoiler-shown code {border:1px solid #C0C0C0;background:#EEEEEE;color:black;padding:0 2px;} .chat .spoiler code {border:1px solid #CCCCCC;background:#CCCCCC;color:#CCCCCC;} .battle-log .rated {padding:3px 4px;} .battle-log .rated strong {color:white;background:#89A;padding:1px 4px;border-radius:4px;} .spacer {margin-top:0.5em;} .message-announce {background:#6688AA;color:white;padding:1px 4px 2px;} .message-announce a, .broadcast-green a, .broadcast-blue a, .broadcast-red a {color:#DDEEFF;} .broadcast-green {background-color:#559955;color:white;padding:2px 4px;} .broadcast-blue {background-color:#6688AA;color:white;padding:2px 4px;} .infobox {border:1px solid #6688AA;padding:2px 4px;} .infobox-limited {max-height:200px;overflow:auto;overflow-x:hidden;} .broadcast-red {background-color:#AA5544;color:white;padding:2px 4px;} .message-learn-canlearn {font-weight:bold;color:#228822;text-decoration:underline;} .message-learn-cannotlearn {font-weight:bold;color:#CC2222;text-decoration:underline;} .message-effect-weak {font-weight:bold;color:#CC2222;} .message-effect-resist {font-weight:bold;color:#6688AA;} .message-effect-immune {font-weight:bold;color:#666666;} .message-learn-list {margin-top:0;margin-bottom:0;} .message-throttle-notice, .message-error {color:#992222;} .message-overflow, .chat small.message-overflow {font-size:0pt;} .message-overflow::before {font-size:9pt;content:'...';} .subtle {color:#3A4A66;}
</style>
<div class="wrapper replay-wrapper" style="max-width:1180px;margin:0 auto">
<input type="hidden" name="replayid" value="gen7randombattle-566949873" />
<div class="battle"></div><div class="battle-log"></div><div class="replay-controls"></div><div class="replay-controls-2"></div>
<h1 style="font-weight:normal;text-align:center"><strong>[Gen 7] Random Battle</strong><br /><a href="http://pokemonshowdown.com/users/weberbrazil537" class="subtle" target="_blank">weberbrazil537</a> vs. <a href="http://pokemonshowdown.com/users/ufidksjs" class="subtle" target="_blank">Ufidksjs</a></h1>
<script type="text/plain" class="battle-log-data">|j|weberbrazil537
|j|Ufidksjs
|player|p1|weberbrazil537|80
|player|p2|Ufidksjs|2
|gametype|singles
|gen|7
|tier|[Gen 7] Random Battle
|rated
|seed|55185,62573,7335,63808,45018,35655,15268,16865,59639,60581,6652,50500
|rule|Sleep Clause Mod: Limit one foe put to sleep
|rule|HP Percentage Mod: HP is shown in percentages
|
|start
|switch|p1a: Tapu Fini|Tapu Fini, L75|100\/100
|switch|p2a: Amoonguss|Amoonguss, L77, M|100\/100
|-fieldstart|move: Misty Terrain|[from] ability: Misty Surge|[of] p1a: Tapu Fini
|turn|1
|choice|move icebeam|move gigadrain
|
|move|p1a: Tapu Fini|Ice Beam|p2a: Amoonguss
|-supereffective|p2a: Amoonguss
|-damage|p2a: Amoonguss|64\/100
|move|p2a: Amoonguss|Giga Drain|p1a: Tapu Fini
|-supereffective|p1a: Tapu Fini
|-damage|p1a: Tapu Fini|53\/100
|-heal|p2a: Amoonguss|82\/100|[from] drain|[of] p1a: Tapu Fini
|
|-heal|p1a: Tapu Fini|59\/100|[from] item: Leftovers
|-heal|p2a: Amoonguss|88\/100|[from] item: Black Sludge
|upkeep
|turn|2
|choice|switch 4|move gigadrain
|
|switch|p1a: Espeon|Espeon, L75, M|100\/100
|move|p2a: Amoonguss|Giga Drain|p1a: Espeon
|-damage|p1a: Espeon|69\/100
|-heal|p2a: Amoonguss|99\/100|[from] drain|[of] p1a: Espeon
|
|-heal|p1a: Espeon|75\/100|[from] item: Leftovers
|-heal|p2a: Amoonguss|100\/100|[from] item: Black Sludge
|upkeep
|turn|3
|choice|move psyshock|move spore
|
|move|p1a: Espeon|Psyshock|p2a: Amoonguss
|-supereffective|p2a: Amoonguss
|-damage|p2a: Amoonguss|29\/100
|move|p2a: Amoonguss|Spore|p1a: Espeon
|move|p1a: Espeon|Spore|p2a: Amoonguss|[from]Magic Bounce
|-immune|p2a: Amoonguss|[msg]
|
|-heal|p1a: Espeon|81\/100|[from] item: Leftovers
|-heal|p2a: Amoonguss|35\/100|[from] item: Black Sludge
|upkeep
|turn|4
|choice|move psyshock|move gigadrain
|
|move|p1a: Espeon|Psyshock|p2a: Amoonguss
|-supereffective|p2a: Amoonguss
|-damage|p2a: Amoonguss|0 fnt
|faint|p2a: Amoonguss
|
|-heal|p1a: Espeon|87\/100|[from] item: Leftovers
|upkeep
|choice||switch 6
|
|switch|p2a: Zygarde|Zygarde-10%, L73|100\/100
|turn|5
|choice|move substitute|move dragondance
|
|move|p2a: Zygarde|Dragon Dance|p2a: Zygarde
|-boost|p2a: Zygarde|atk|1
|-boost|p2a: Zygarde|spe|1
|move|p1a: Espeon|Substitute|p1a: Espeon
|-start|p1a: Espeon|Substitute
|-damage|p1a: Espeon|62\/100
|
|-heal|p1a: Espeon|68\/100|[from] item: Leftovers
|-fieldend|Misty Terrain
|upkeep
|turn|6
|choice|move psyshock|move irontail
|
|move|p2a: Zygarde|Iron Tail|p1a: Espeon
|-end|p1a: Espeon|Substitute
|move|p1a: Espeon|Psyshock|p2a: Zygarde
|-damage|p2a: Zygarde|41\/100
|
|-heal|p1a: Espeon|74\/100|[from] item: Leftovers
|-activate|p2a: Zygarde|ability: Power Construct
|detailschange|p2a: Zygarde|Zygarde-Complete, L73
|-heal|p2a: Zygarde|73\/100|[silent]
|upkeep
|turn|7
|choice|move psyshock|move irontail
|
|move|p2a: Zygarde|Iron Tail|p1a: Espeon
|-damage|p1a: Espeon|16\/100
|move|p1a: Espeon|Psyshock|p2a: Zygarde
|-damage|p2a: Zygarde|57\/100
|
|-heal|p1a: Espeon|22\/100|[from] item: Leftovers
|upkeep
|turn|8
|choice|move batonpass|move irontail
|
|move|p2a: Zygarde|Iron Tail|p1a: Espeon
|-damage|p1a: Espeon|0 fnt
|faint|p1a: Espeon
|
|upkeep
|choice|switch 2|
|
|switch|p1a: Druddigon|Druddigon, L79, M|100\/100
|turn|9
|choice|move dragontail|move thousandarrows
|
|move|p2a: Zygarde|Thousand Arrows|p1a: Druddigon
|-damage|p1a: Druddigon|57\/100
|move|p1a: Druddigon|Dragon Tail|p2a: Zygarde
|-supereffective|p2a: Zygarde
|-damage|p2a: Zygarde|23\/100
|-damage|p1a: Druddigon|48\/100|[from] item: Life Orb
|drag|p2a: Kartana|Kartana, L75|100\/100
|
|upkeep
|turn|10
|choice|move firepunch|move psychocut
|
|move|p2a: Kartana|Psycho Cut|p1a: Druddigon
|-damage|p1a: Druddigon|6\/100
|move|p1a: Druddigon|Fire Punch|p2a: Kartana
|-supereffective|p2a: Kartana
|-damage|p2a: Kartana|0 fnt
|faint|p2a: Kartana
|
|upkeep
|choice||switch 2
|
|switch|p2a: Zygarde|Zygarde-Complete, L73|23\/100
|turn|11
|choice|move dragontail|move irontail
|
|move|p2a: Zygarde|Iron Tail|p1a: Druddigon
|-damage|p1a: Druddigon|0 fnt
|faint|p1a: Druddigon
|
|upkeep
|choice|switch 4|
|
|switch|p1a: Tapu Fini|Tapu Fini, L75|59\/100
|-fieldstart|move: Misty Terrain|[from] ability: Misty Surge|[of] p1a: Tapu Fini
|turn|12
|choice|move icebeam|move outrage
|
|move|p1a: Tapu Fini|Ice Beam|p2a: Zygarde
|-supereffective|p2a: Zygarde
|-damage|p2a: Zygarde|0 fnt
|faint|p2a: Zygarde
|
|-heal|p1a: Tapu Fini|66\/100|[from] item: Leftovers
|upkeep
|choice||switch 4
|
|switch|p2a: Heracross|Heracross, L75, F|100\/100
|turn|13
|choice|move icebeam|move closecombat mega
|
|detailschange|p2a: Heracross|Heracross-Mega, L75, F
|-mega|p2a: Heracross|Heracross|Heracronite
|move|p1a: Tapu Fini|Ice Beam|p2a: Heracross
|-damage|p2a: Heracross|79\/100
|move|p2a: Heracross|Close Combat|p1a: Tapu Fini
|-resisted|p1a: Tapu Fini
|-damage|p1a: Tapu Fini|34\/100
|-unboost|p2a: Heracross|def|1
|-unboost|p2a: Heracross|spd|1
|
|-heal|p1a: Tapu Fini|40\/100|[from] item: Leftovers
|upkeep
|turn|14
|choice|move calmmind|move bulletseed
|
|move|p1a: Tapu Fini|Calm Mind|p1a: Tapu Fini
|-boost|p1a: Tapu Fini|spa|1
|-boost|p1a: Tapu Fini|spd|1
|move|p2a: Heracross|Bullet Seed|p1a: Tapu Fini
|-supereffective|p1a: Tapu Fini
|-damage|p1a: Tapu Fini|21\/100
|-supereffective|p1a: Tapu Fini
|-damage|p1a: Tapu Fini|1\/100
|-supereffective|p1a: Tapu Fini
|-damage|p1a: Tapu Fini|0 fnt
|-hitcount|p1a: Tapu Fini|3
|faint|p1a: Tapu Fini
|
|upkeep
|choice|switch 6|
|
|switch|p1a: Shiinotic|Shiinotic, L79, F|100\/100
|turn|15
|choice|move moonblast|move closecombat
|
|move|p2a: Heracross|Close Combat|p1a: Shiinotic
|-resisted|p1a: Shiinotic
|-crit|p1a: Shiinotic
|-damage|p1a: Shiinotic|39\/100
|-unboost|p2a: Heracross|def|1
|-unboost|p2a: Heracross|spd|1
|move|p1a: Shiinotic|Moonblast|p2a: Heracross
|-supereffective|p2a: Heracross
|-damage|p2a: Heracross|0 fnt
|faint|p2a: Heracross
|
|-heal|p1a: Shiinotic|45\/100|[from] item: Leftovers
|upkeep
|choice||switch 5
|
|switch|p2a: Pachirisu|Pachirisu, L79, F|100\/100
|-item|p2a: Pachirisu|Air Balloon
|turn|16
|choice|move leechseed|move uturn
|
|move|p2a: Pachirisu|U-turn|p1a: Shiinotic
|-damage|p1a: Shiinotic|31\/100
|choice||switch 3
|
|switch|p2a: Farfetch'd|Farfetch'd, L79, F|100\/100
|move|p1a: Shiinotic|Leech Seed|p2a: Farfetch'd
|-start|p2a: Farfetch'd|move: Leech Seed
|
|-heal|p1a: Shiinotic|38\/100|[from] item: Leftovers
|-damage|p2a: Farfetch'd|88\/100|[from] Leech Seed|[of] p1a: Shiinotic
|-heal|p1a: Shiinotic|49\/100|[silent]
|-fieldend|Misty Terrain
|upkeep
|turn|17
|choice|move moonblast|move nightslash
|
|move|p2a: Farfetch'd|Night Slash|p1a: Shiinotic
|-resisted|p1a: Shiinotic
|-crit|p1a: Shiinotic
|-damage|p1a: Shiinotic|32\/100
|move|p1a: Shiinotic|Moonblast|p2a: Farfetch'd
|-damage|p2a: Farfetch'd|31\/100
|
|-heal|p1a: Shiinotic|38\/100|[from] item: Leftovers
|-damage|p2a: Farfetch'd|19\/100|[from] Leech Seed|[of] p1a: Shiinotic
|-heal|p1a: Shiinotic|50\/100|[silent]
|upkeep
|turn|18
|choice|move moonblast|move bravebird
|
|move|p2a: Farfetch'd|Brave Bird|p1a: Shiinotic
|-supereffective|p1a: Shiinotic
|-crit|p1a: Shiinotic
|-damage|p1a: Shiinotic|0 fnt
|-damage|p2a: Farfetch'd|1\/100|[from] recoil|[of] p1a: Shiinotic
|faint|p1a: Shiinotic
|
|upkeep
|choice|switch 5|
|
|switch|p1a: Kyogre|Kyogre, L73|100\/100
|-weather|RainDance|[from] ability: Drizzle|[of] p1a: Kyogre
|turn|19
|choice|move icebeam|move leafblade
|
|move|p1a: Kyogre|Ice Beam|p2a: Farfetch'd
|-supereffective|p2a: Farfetch'd
|-damage|p2a: Farfetch'd|0 fnt
|faint|p2a: Farfetch'd
|
|-weather|RainDance|[upkeep]
|upkeep
|choice||switch 3
|
|switch|p2a: Pachirisu|Pachirisu, L79, F|100\/100
|-item|p2a: Pachirisu|Air Balloon
|turn|20
|choice|move icebeam|move thunderbolt
|
|move|p2a: Pachirisu|Thunderbolt|p1a: Kyogre
|-supereffective|p1a: Kyogre
|-damage|p1a: Kyogre|67\/100
|move|p1a: Kyogre|Ice Beam|p2a: Pachirisu
|-damage|p2a: Pachirisu|50\/100
|-enditem|p2a: Pachirisu|Air Balloon
|
|-weather|RainDance|[upkeep]
|upkeep
|turn|21
|choice|move icebeam|move thunderbolt
|
|move|p2a: Pachirisu|Thunderbolt|p1a: Kyogre
|-supereffective|p1a: Kyogre
|-damage|p1a: Kyogre|37\/100
|move|p1a: Kyogre|Ice Beam|p2a: Pachirisu
|-damage|p2a: Pachirisu|5\/100
|
|-weather|RainDance|[upkeep]
|upkeep
|turn|22
|choice|move icebeam|move thunderbolt
|
|move|p2a: Pachirisu|Thunderbolt|p1a: Kyogre
|-supereffective|p1a: Kyogre
|-damage|p1a: Kyogre|4\/100
|-status|p1a: Kyogre|par
|move|p1a: Kyogre|Ice Beam|p2a: Pachirisu
|-damage|p2a: Pachirisu|0 fnt
|faint|p2a: Pachirisu
|
|win|weberbrazil537
|raw|weberbrazil537's rating: 1038 &rarr; <strong>1073<\/strong><br \/>(+35 for winning)
|raw|Ufidksjs's rating: 1042 &rarr; <strong>1025<\/strong><br \/>(-17 for losing)</script>
</div>
<div class="battle-log battle-log-inline"><div class="inner"><div class="chat"><small>weberbrazil537 joined.</small></div><div class="chat"><small>Ufidksjs joined.</small></div><div style="padding:5px 0"><small>Format:</small> <br><strong>[Gen 7] Random Battle</strong></div><div class="rated"><strong>Rated battle</strong></div><div><small><em>Sleep Clause Mod:</em> Limit one foe put to sleep</small></div><div><small><em>HP Percentage Mod:</em> HP is shown in percentages</small></div><div>Battle between weberbrazil537 and Ufidksjs started!</div><div class="spacer"></div><div>Go! Tapu Fini!</div><div class="spacer"></div><div>Ufidksjs sent out Amoonguss!</div><div><small>[<span class="battle-nickname" title="Tapu Fini">Tapu Fini</span>'s Misty Surge!]</small></div><div><small>Mist swirls around the battlefield!</small></div><h2>Turn 1</h2><div class="spacer"></div><div><span class="battle-nickname" title="Tapu Fini">Tapu Fini</span> used <strong>Ice Beam</strong>!</div><div><small>It's super effective! </small><small>The opposing <span class="battle-nickname-foe" title="Amoonguss">Amoonguss</span> lost 36% of its health!</small><br></div><div class="spacer"></div><div>The opposing <span class="battle-nickname-foe" title="Amoonguss">Amoonguss</span> used <strong>Giga Drain</strong>!</div><div><small>It's super effective! </small><small><span class="battle-nickname" title="Tapu Fini">Tapu Fini</span> lost 47% of its health!</small><br></div><div><small><span class="battle-nickname" title="Tapu Fini">Tapu Fini</span> had its energy drained!</small></div><div class="spacer"></div><div><small><span class="battle-nickname" title="Tapu Fini">Tapu Fini</span> restored a little HP using its Leftovers!</small></div><div><small>The opposing <span class="battle-nickname-foe" title="Amoonguss">Amoonguss</span> restored a little HP using its Black Sludge!</small></div><h2>Turn 2</h2><div class="spacer"></div><div><span class="battle-nickname" title="Tapu Fini">Tapu Fini</span>, come back!</div><div class="spacer"></div><div>Go! Espeon!</div><div class="spacer"></div><div>The opposing <span class="battle-nickname-foe" title="Amoonguss">Amoonguss</span> used <strong>Giga Drain</strong>!</div><div><small><span class="battle-nickname" title="Espeon">Espeon</span> lost 31% of its health!</small><br></div><div><small><span class="battle-nickname" title="Espeon">Espeon</span> had its energy drained!</small></div><div class="spacer"></div><div><small><span class="battle-nickname" title="Espeon">Espeon</span> restored a little HP using its Leftovers!</small></div><div><small>The opposing <span class="battle-nickname-foe" title="Amoonguss">Amoonguss</span> restored a little HP using its Black Sludge!</small></div><h2>Turn 3</h2><div class="spacer"></div><div><span class="battle-nickname" title="Espeon">Espeon</span> used <strong>Psyshock</strong>!</div><div><small>It's super effective! </small><small>The opposing <span class="battle-nickname-foe" title="Amoonguss">Amoonguss</span> lost 71% of its health!</small><br></div><div class="spacer"></div><div>The opposing <span class="battle-nickname-foe" title="Amoonguss">Amoonguss</span> used <strong>Spore</strong>!</div><div><small>[<span class="battle-nickname" title="Espeon">Espeon</span>'s Magic Bounce!]</small></div><div><span class="battle-nickname" title="Espeon">Espeon</span> bounced the Spore back!</div><div><small>It doesn't affect the opposing <span class="battle-nickname-foe" title="Amoonguss">Amoonguss</span>... </small></div><div class="spacer"></div><div><small><span class="battle-nickname" title="Espeon">Espeon</span> restored a little HP using its Leftovers!</small></div><div><small>The opposing <span class="battle-nickname-foe" title="Amoonguss">Amoonguss</span> restored a little HP using its Black Sludge!</small></div><h2>Turn 4</h2><div class="spacer"></div><div><span class="battle-nickname" title="Espeon">Espeon</span> used <strong>Psyshock</strong>!</div><div><small>It's super effective! </small><small>The opposing <span class="battle-nickname-foe" title="Amoonguss">Amoonguss</span> lost 35% of its health!</small><br></div><div class="spacer"></div><div>The opposing <span class="battle-nickname-foe" title="Amoonguss">Amoonguss</span> fainted!</div><div class="spacer"></div><div><small><span class="battle-nickname" title="Espeon">Espeon</span> restored a little HP using its Leftovers!</small></div><div class="spacer"></div><div>Ufidksjs sent out <span class="battle-nickname-foe" title="Zygarde-10%">Zygarde <small>(Zygarde-10%)</small></span>!</div><h2>Turn 5</h2><div class="spacer"></div><div>The opposing <span class="battle-nickname-foe" title="Zygarde-10%">Zygarde</span> used <strong>Dragon Dance</strong>!</div><div><small>The opposing <span class="battle-nickname-foe" title="Zygarde-10%">Zygarde</span>'s Attack rose! The opposing <span class="battle-nickname-foe" title="Zygarde-10%">Zygarde</span>'s Speed rose! </small></div><div class="spacer"></div><div><span class="battle-nickname" title="Espeon">Espeon</span> used <strong>Substitute</strong>!</div><div><small><span class="battle-nickname" title="Espeon">Espeon</span> put in a substitute!</small></div><div><small><span class="battle-nickname" title="Espeon">Espeon</span> lost 25% of its health!</small><br></div><div class="spacer"></div><div><small><span class="battle-nickname" title="Espeon">Espeon</span> restored a little HP using its Leftovers!</small></div><div><small>The mist disappeared from the battlefield.</small></div><h2>Turn 6</h2><div class="spacer"></div><div>The opposing <span class="battle-nickname-foe" title="Zygarde-10%">Zygarde</span> used <strong>Iron Tail</strong>!</div><div><small><span class="battle-nickname" title="Espeon">Espeon</span>'s substitute faded!</small></div><div class="spacer"></div><div><span class="battle-nickname" title="Espeon">Espeon</span> used <strong>Psyshock</strong>!</div><div><small>The opposing <span class="battle-nickname-foe" title="Zygarde-10%">Zygarde</span> lost 59% of its health!</small><br></div><div class="spacer"></div><div><small><span class="battle-nickname" title="Espeon">Espeon</span> restored a little HP using its Leftovers!</small></div><div><small>[Opposing <span class="battle-nickname-foe" title="Zygarde-10%">Zygarde</span>'s Power Construct!]</small></div><div><small>You sense the presence of many!</small></div><div class="spacer"></div><div><small>The opposing <span class="battle-nickname-foe" title="Zygarde-Complete">Zygarde</span> transformed into its Complete Forme!</small></div><h2>Turn 7</h2><div class="spacer"></div><div>The opposing <span class="battle-nickname-foe" title="Zygarde-Complete">Zygarde</span> used <strong>Iron Tail</strong>!</div><div><small><span class="battle-nickname" title="Espeon">Espeon</span> lost 58% of its health!</small><br></div><div class="spacer"></div><div><span class="battle-nickname" title="Espeon">Espeon</span> used <strong>Psyshock</strong>!</div><div><small>The opposing <span class="battle-nickname-foe" title="Zygarde-Complete">Zygarde</span> lost 16% of its health!</small><br></div><div class="spacer"></div><div><small><span class="battle-nickname" title="Espeon">Espeon</span> restored a little HP using its Leftovers!</small></div><h2>Turn 8</h2><div class="spacer"></div><div>The opposing <span class="battle-nickname-foe" title="Zygarde-Complete">Zygarde</span> used <strong>Iron Tail</strong>!</div><div><small><span class="battle-nickname" title="Espeon">Espeon</span> lost 22% of its health!</small><br></div><div class="spacer"></div><div><span class="battle-nickname" title="Espeon">Espeon</span> fainted!</div><div class="spacer"></div><div>Go! Druddigon!</div><h2>Turn 9</h2><div class="spacer"></div><div>The opposing <span class="battle-nickname-foe" title="Zygarde-Complete">Zygarde</span> used <strong>Thousand Arrows</strong>!</div><div><small><span class="battle-nickname" title="Druddigon">Druddigon</span> lost 43% of its health!</small><br></div><div class="spacer"></div><div><span class="battle-nickname" title="Druddigon">Druddigon</span> used <strong>Dragon Tail</strong>!</div><div><small>It's super effective! </small><small>The opposing <span class="battle-nickname-foe" title="Zygarde-Complete">Zygarde</span> lost 33% of its health!</small><br></div><div><small><span class="battle-nickname" title="Druddigon">Druddigon</span> lost some of its HP!</small></div><div class="spacer"></div><div>Kartana was dragged out!</div><h2>Turn 10</h2><div class="spacer"></div><div>The opposing <span class="battle-nickname-foe" title="Kartana">Kartana</span> used <strong>Psycho Cut</strong>!</div><div><small><span class="battle-nickname" title="Druddigon">Druddigon</span> lost 42% of its health!</small><br></div><div class="spacer"></div><div><span class="battle-nickname" title="Druddigon">Druddigon</span> used <strong>Fire Punch</strong>!</div><div><small>It's super effective! </small><small>The opposing <span class="battle-nickname-foe" title="Kartana">Kartana</span> lost 100% of its health!</small><br></div><div class="spacer"></div><div>The opposing <span class="battle-nickname-foe" title="Kartana">Kartana</span> fainted!</div><div class="spacer"></div><div>Ufidksjs sent out <span class="battle-nickname-foe" title="Zygarde-Complete">Zygarde <small>(Zygarde-Complete)</small></span>!</div><h2>Turn 11</h2><div class="spacer"></div><div>The opposing <span class="battle-nickname-foe" title="Zygarde-Complete">Zygarde</span> used <strong>Iron Tail</strong>!</div><div><small><span class="battle-nickname" title="Druddigon">Druddigon</span> lost 6% of its health!</small><br></div><div class="spacer"></div><div><span class="battle-nickname" title="Druddigon">Druddigon</span> fainted!</div><div class="spacer"></div><div>Go! Tapu Fini!</div><div><small>[<span class="battle-nickname" title="Tapu Fini">Tapu Fini</span>'s Misty Surge!]</small></div><div><small>Mist swirls around the battlefield!</small></div><h2>Turn 12</h2><div class="spacer"></div><div><span class="battle-nickname" title="Tapu Fini">Tapu Fini</span> used <strong>Ice Beam</strong>!</div><div><small>It's super effective! </small><small>The opposing <span class="battle-nickname-foe" title="Zygarde-Complete">Zygarde</span> lost 23% of its health!</small><br></div><div class="spacer"></div><div>The opposing <span class="battle-nickname-foe" title="Zygarde-Complete">Zygarde</span> fainted!</div><div class="spacer"></div><div><small><span class="battle-nickname" title="Tapu Fini">Tapu Fini</span> restored a little HP using its Leftovers!</small></div><div class="spacer"></div><div>Ufidksjs sent out Heracross!</div><h2>Turn 13</h2><div class="spacer"></div><div><small>The opposing <span class="battle-nickname-foe" title="Heracross-Mega">Heracross</span>'s Heracronite is reacting to Ufidksjs's Mega Bracelet!<br>The opposing <span class="battle-nickname-foe" title="Heracross-Mega">Heracross</span> has Mega Evolved into Mega Heracross!</small></div><div class="spacer"></div><div><span class="battle-nickname" title="Tapu Fini">Tapu Fini</span> used <strong>Ice Beam</strong>!</div><div><small>The opposing <span class="battle-nickname-foe" title="Heracross-Mega">Heracross</span> lost 21% of its health!</small><br></div><div class="spacer"></div><div>The opposing <span class="battle-nickname-foe" title="Heracross-Mega">Heracross</span> used <strong>Close Combat</strong>!</div><div><small>It's not very effective... </small><small><span class="battle-nickname" title="Tapu Fini">Tapu Fini</span> lost 32% of its health!</small><br></div><div><small>The opposing <span class="battle-nickname-foe" title="Heracross-Mega">Heracross</span>'s Defense fell! The opposing <span class="battle-nickname-foe" title="Heracross-Mega">Heracross</span>'s Special Defense fell! </small></div><div class="spacer"></div><div><small><span class="battle-nickname" title="Tapu Fini">Tapu Fini</span> restored a little HP using its Leftovers!</small></div><h2>Turn 14</h2><div class="spacer"></div><div><span class="battle-nickname" title="Tapu Fini">Tapu Fini</span> used <strong>Calm Mind</strong>!</div><div><small><span class="battle-nickname" title="Tapu Fini">Tapu Fini</span>'s Special Attack rose! <span class="battle-nickname" title="Tapu Fini">Tapu Fini</span>'s Special Defense rose! </small></div><div class="spacer"></div><div>The opposing <span class="battle-nickname-foe" title="Heracross-Mega">Heracross</span> used <strong>Bullet Seed</strong>!</div><div><small>It's super effective! </small><small><span class="battle-nickname" title="Tapu Fini">Tapu Fini</span> lost 19% of its health!</small><br></div><div><small>It's super effective! </small><small><span class="battle-nickname" title="Tapu Fini">Tapu Fini</span> lost 20% of its health!</small><br></div><div><small>It's super effective! </small><small><span class="battle-nickname" title="Tapu Fini">Tapu Fini</span> lost 1% of its health!</small><br></div><div><small>Hit 3 times!</small></div><div class="spacer"></div><div><span class="battle-nickname" title="Tapu Fini">Tapu Fini</span> fainted!</div><div class="spacer"></div><div>Go! Shiinotic!</div><h2>Turn 15</h2><div class="spacer"></div><div>The opposing <span class="battle-nickname-foe" title="Heracross-Mega">Heracross</span> used <strong>Close Combat</strong>!</div><div><small>It's not very effective... A critical hit! </small><small><span class="battle-nickname" title="Shiinotic">Shiinotic</span> lost 61% of its health!</small><br></div><div><small>The opposing <span class="battle-nickname-foe" title="Heracross-Mega">Heracross</span>'s Defense fell! The opposing <span class="battle-nickname-foe" title="Heracross-Mega">Heracross</span>'s Special Defense fell! </small></div><div class="spacer"></div><div><span class="battle-nickname" title="Shiinotic">Shiinotic</span> used <strong>Moonblast</strong>!</div><div><small>It's super effective! </small><small>The opposing <span class="battle-nickname-foe" title="Heracross-Mega">Heracross</span> lost 79% of its health!</small><br></div><div class="spacer"></div><div>The opposing <span class="battle-nickname-foe" title="Heracross-Mega">Heracross</span> fainted!</div><div class="spacer"></div><div><small><span class="battle-nickname" title="Shiinotic">Shiinotic</span> restored a little HP using its Leftovers!</small></div><div class="spacer"></div><div>Ufidksjs sent out Pachirisu!</div><div><small>The opposing <span class="battle-nickname-foe" title="Pachirisu">Pachirisu</span> floats in the air with its Air Balloon!</small></div><h2>Turn 16</h2><div class="spacer"></div><div>The opposing <span class="battle-nickname-foe" title="Pachirisu">Pachirisu</span> used <strong>U-turn</strong>!</div><div><small><span class="battle-nickname" title="Shiinotic">Shiinotic</span> lost 14% of its health!</small><br></div><div class="spacer"></div><div>The opposing <span class="battle-nickname-foe" title="Pachirisu">Pachirisu</span> went back to Ufidksjs!</div><div class="spacer"></div><div>Ufidksjs sent out Farfetch'd!</div><div class="spacer"></div><div><span class="battle-nickname" title="Shiinotic">Shiinotic</span> used <strong>Leech Seed</strong>!</div><div><small>The opposing <span class="battle-nickname-foe" title="Farfetch'd">Farfetch'd</span> was seeded!</small></div><div class="spacer"></div><div><small><span class="battle-nickname" title="Shiinotic">Shiinotic</span> restored a little HP using its Leftovers!</small></div><div><small>The opposing <span class="battle-nickname-foe" title="Farfetch'd">Farfetch'd</span>'s health is sapped by Leech Seed!</small></div><div><small>The mist disappeared from the battlefield.</small></div><h2>Turn 17</h2><div class="spacer"></div><div>The opposing <span class="battle-nickname-foe" title="Farfetch'd">Farfetch'd</span> used <strong>Night Slash</strong>!</div><div><small>It's not very effective... A critical hit! </small><small><span class="battle-nickname" title="Shiinotic">Shiinotic</span> lost 17% of its health!</small><br></div><div class="spacer"></div><div><span class="battle-nickname" title="Shiinotic">Shiinotic</span> used <strong>Moonblast</strong>!</div><div><small>The opposing <span class="battle-nickname-foe" title="Farfetch'd">Farfetch'd</span> lost 57% of its health!</small><br></div><div class="spacer"></div><div><small><span class="battle-nickname" title="Shiinotic">Shiinotic</span> restored a little HP using its Leftovers!</small></div><div><small>The opposing <span class="battle-nickname-foe" title="Farfetch'd">Farfetch'd</span>'s health is sapped by Leech Seed!</small></div><h2>Turn 18</h2><div class="spacer"></div><div>The opposing <span class="battle-nickname-foe" title="Farfetch'd">Farfetch'd</span> used <strong>Brave Bird</strong>!</div><div><small>It's super effective! A critical hit! </small><small><span class="battle-nickname" title="Shiinotic">Shiinotic</span> lost 50% of its health!</small><br></div><div><small>The opposing <span class="battle-nickname-foe" title="Farfetch'd">Farfetch'd</span> is damaged by the recoil!</small></div><div class="spacer"></div><div><span class="battle-nickname" title="Shiinotic">Shiinotic</span> fainted!</div><div class="spacer"></div><div>Go! Kyogre!</div><div><small>[<span class="battle-nickname" title="Kyogre">Kyogre</span>'s Drizzle!]</small></div><div><small>It started to rain!</small></div><h2>Turn 19</h2><div class="spacer"></div><div><span class="battle-nickname" title="Kyogre">Kyogre</span> used <strong>Ice Beam</strong>!</div><div><small>It's super effective! </small><small>The opposing <span class="battle-nickname-foe" title="Farfetch'd">Farfetch'd</span> lost 1% of its health!</small><br></div><div class="spacer"></div><div>The opposing <span class="battle-nickname-foe" title="Farfetch'd">Farfetch'd</span> fainted!</div><div class="spacer"></div><div>Ufidksjs sent out Pachirisu!</div><div><small>The opposing <span class="battle-nickname-foe" title="Pachirisu">Pachirisu</span> floats in the air with its Air Balloon!</small></div><h2>Turn 20</h2><div class="spacer"></div><div>The opposing <span class="battle-nickname-foe" title="Pachirisu">Pachirisu</span> used <strong>Thunderbolt</strong>!</div><div><small>It's super effective! </small><small><span class="battle-nickname" title="Kyogre">Kyogre</span> lost 33% of its health!</small><br></div><div class="spacer"></div><div><span class="battle-nickname" title="Kyogre">Kyogre</span> used <strong>Ice Beam</strong>!</div><div><small>The opposing <span class="battle-nickname-foe" title="Pachirisu">Pachirisu</span> lost 50% of its health!</small><br></div><div><small>The opposing <span class="battle-nickname-foe" title="Pachirisu">Pachirisu</span>'s Air Balloon popped!</small></div><h2>Turn 21</h2><div class="spacer"></div><div>The opposing <span class="battle-nickname-foe" title="Pachirisu">Pachirisu</span> used <strong>Thunderbolt</strong>!</div><div><small>It's super effective! </small><small><span class="battle-nickname" title="Kyogre">Kyogre</span> lost 30% of its health!</small><br></div><div class="spacer"></div><div><span class="battle-nickname" title="Kyogre">Kyogre</span> used <strong>Ice Beam</strong>!</div><div><small>The opposing <span class="battle-nickname-foe" title="Pachirisu">Pachirisu</span> lost 45% of its health!</small><br></div><h2>Turn 22</h2><div class="spacer"></div><div>The opposing <span class="battle-nickname-foe" title="Pachirisu">Pachirisu</span> used <strong>Thunderbolt</strong>!</div><div><small>It's super effective! </small><small><span class="battle-nickname" title="Kyogre">Kyogre</span> lost 33% of its health!</small><br></div><div><small><span class="battle-nickname" title="Kyogre">Kyogre</span> is paralyzed! It may be unable to move!</small></div><div class="spacer"></div><div><span class="battle-nickname" title="Kyogre">Kyogre</span> used <strong>Ice Beam</strong>!</div><div><small>The opposing <span class="battle-nickname-foe" title="Pachirisu">Pachirisu</span> lost 5% of its health!</small><br></div><div class="spacer"></div><div>The opposing <span class="battle-nickname-foe" title="Pachirisu">Pachirisu</span> fainted!</div><div class="spacer"></div><div>weberbrazil537 won the battle!</div><div class="chat">weberbrazil537's rating: 1038 → <strong>1073</strong><br>(+35 for winning)</div><div class="chat">Ufidksjs's rating: 1042 → <strong>1025</strong><br>(-17 for losing)</div></div></div>
</div>
<script>
var daily = Math.floor(Date.now()/1000/60/60/24);document.write('<script src="https://play.pokemonshowdown.com/js/replay-embed.js?version'+daily+'"></'+'script>');
</script>
