<!DOCTYPE html>
<meta charset="utf-8" />
<!-- version 1 -->
<title>[Gen 7] Random Battle replay: ElLuchis vs. Gaonita</title>
<style>
html,body {font-family:Verdana, sans-serif;font-size:10pt;margin:0;padding:0;}body{padding:12px 0;} .battle-log {font-family:Verdana, sans-serif;font-size:10pt;} .battle-log-inline {border:1px solid #AAAAAA;background:#EEF2F5;color:black;max-width:640px;margin:0 auto 80px;padding-bottom:5px;} .battle-log .inner {padding:4px 8px 0px 8px;} .battle-log .inner-preempt {padding:0 8px 4px 8px;} .battle-log .inner-after {margin-top:0.5em;} .battle-log h2 {margin:0.5em -8px;padding:4px 8px;border:1px solid #AAAAAA;background:#E0E7EA;border-left:0;border-right:0;font-family:Verdana, sans-serif;font-size:13pt;} .battle-log .chat {vertical-align:middle;padding:3px 0 3px 0;font-size:8pt;} .battle-log .chat strong {color:#40576A;} .battle-log .chat em {padding:1px 4px 1px 3px;color:#000000;font-style:normal;} .chat.mine {background:rgba(0,0,0,0.05);margin-left:-8px;margin-right:-8px;padding-left:8px;padding-right:8px;} .spoiler {color:#BBBBBB;background:#BBBBBB;padding:0px 3px;} .spoiler:hover, .spoiler:active, .spoiler-shown {color:#000000;background:#E2E2E2;padding:0px 3px;} .spoiler a {color:#BBBBBB;} .spoiler:hover a, .spoiler:active a, .spoiler-shown a {color:#2288CC;} .chat code, .chat .spoiler:hover code, .chat .spoiler:active code, .chat .spoiler-shown code {border:1px solid #C0C0C0;background:#EEEEEE;color:black;padding:0 2px;} .chat .spoiler code {border:1px solid #CCCCCC;background:#CCCCCC;color:#CCCCCC;} .battle-log .rated {padding:3px 4px;} .battle-log .rated strong {color:white;background:#89A;padding:1px 4px;border-radius:4px;} .spacer {margin-top:0.5em;} .message-announce {background:#6688AA;color:white;padding:1px 4px 2px;} .message-announce a, .broadcast-green a, .broadcast-blue a, .broadcast-red a {color:#DDEEFF;} .broadcast-green {background-color:#559955;color:white;padding:2px 4px;} .broadcast-blue {background-color:#6688AA;color:white;padding:2px 4px;} .infobox {border:1px solid #6688AA;padding:2px 4px;} .infobox-limited {max-height:200px;overflow:auto;overflow-x:hidden;} .broadcast-red {background-color:#AA5544;color:white;padding:2px 4px;} .message-learn-canlearn {font-weight:bold;color:#228822;text-decoration:underline;} .message-learn-cannotlearn {font-weight:bold;color:#CC2222;text-decoration:underline;} .message-effect-weak {font-weight:bold;color:#CC2222;} .message-effect-resist {font-weight:bold;color:#6688AA;} .message-effect-immune {font-weight:bold;color:#666666;} .message-learn-list {margin-top:0;margin-bottom:0;} .message-throttle-notice, .message-error {color:#992222;} .message-overflow, .chat small.message-overflow {font-size:0pt;} .message-overflow::before {font-size:9pt;content:'...';} .subtle {color:#3A4A66;}
</style>
<div class="wrapper replay-wrapper" style="max-width:1180px;margin:0 auto">
<input type="hidden" name="replayid" value="gen7randombattle-566872564" />
<div class="battle"></div><div class="battle-log"></div><div class="replay-controls"></div><div class="replay-controls-2"></div>
<h1 style="font-weight:normal;text-align:center"><strong>[Gen 7] Random Battle</strong><br /><a href="http://pokemonshowdown.com/users/elluchis" class="subtle" target="_blank">ElLuchis</a> vs. <a href="http://pokemonshowdown.com/users/gaonita" class="subtle" target="_blank">Gaonita</a></h1>
<script type="text/plain" class="battle-log-data">|j|ElLuchis
|j|Gaonita
|player|p1|ElLuchis|30
|player|p2|Gaonita|1
|gametype|singles
|gen|7
|tier|[Gen 7] Random Battle
|seed|17477,46146,56256,37032,57919,58562,25449,15940,52903,21976,42711,41537
|rule|Sleep Clause Mod: Limit one foe put to sleep
|rule|HP Percentage Mod: HP is shown in percentages
|
|start
|switch|p1a: Gliscor|Gliscor, L77, F|100\/100
|switch|p2a: Corsola|Corsola, L79, M|100\/100
|-item|p2a: Corsola|Air Balloon
|turn|1
|choice|move earthquake|move scald
|
|move|p1a: Gliscor|Earthquake|p2a: Corsola
|-immune|p2a: Corsola|[msg]
|move|p2a: Corsola|Scald|p1a: Gliscor
|-supereffective|p1a: Gliscor
|-damage|p1a: Gliscor|43\/100
|
|-status|p1a: Gliscor|tox|[from] item: Toxic Orb
|upkeep
|turn|2
|choice|move stealthrock|move powergem
|
|move|p1a: Gliscor|Stealth Rock|p2a: Corsola
|-sidestart|p2: Gaonita|move: Stealth Rock
|move|p2a: Corsola|Power Gem|p1a: Gliscor
|-damage|p1a: Gliscor|12\/100 tox
|
|-heal|p1a: Gliscor|25\/100 tox|[from] ability: Poison Heal
|upkeep
|turn|3
|choice|move roost|move scald
|
|move|p1a: Gliscor|Roost|p1a: Gliscor
|-heal|p1a: Gliscor|75\/100 tox
|move|p2a: Corsola|Scald|p1a: Gliscor
|-supereffective|p1a: Gliscor
|-damage|p1a: Gliscor|18\/100 tox
|
|-heal|p1a: Gliscor|30\/100 tox|[from] ability: Poison Heal
|upkeep
|turn|4
|choice|move roost|move scald
|
|move|p1a: Gliscor|Roost|p1a: Gliscor
|-heal|p1a: Gliscor|80\/100 tox
|move|p2a: Corsola|Scald|p1a: Gliscor
|-supereffective|p1a: Gliscor
|-damage|p1a: Gliscor|27\/100 tox
|
|-heal|p1a: Gliscor|40\/100 tox|[from] ability: Poison Heal
|upkeep
|turn|5
|choice|move roost|move scald
|
|move|p1a: Gliscor|Roost|p1a: Gliscor
|-heal|p1a: Gliscor|90\/100 tox
|move|p2a: Corsola|Scald|p1a: Gliscor
|-supereffective|p1a: Gliscor
|-damage|p1a: Gliscor|34\/100 tox
|
|-heal|p1a: Gliscor|47\/100 tox|[from] ability: Poison Heal
|upkeep
|turn|6
|choice|move roost|move scald
|
|move|p1a: Gliscor|Roost|p1a: Gliscor
|-heal|p1a: Gliscor|97\/100 tox
|move|p2a: Corsola|Scald|p1a: Gliscor
|-supereffective|p1a: Gliscor
|-damage|p1a: Gliscor|44\/100 tox
|
|-heal|p1a: Gliscor|56\/100 tox|[from] ability: Poison Heal
|upkeep
|turn|7
|choice|move roost|move scald
|
|move|p1a: Gliscor|Roost|p1a: Gliscor
|-heal|p1a: Gliscor|100\/100 tox
|move|p2a: Corsola|Scald|p1a: Gliscor
|-supereffective|p1a: Gliscor
|-crit|p1a: Gliscor
|-damage|p1a: Gliscor|20\/100 tox
|
|-heal|p1a: Gliscor|33\/100 tox|[from] ability: Poison Heal
|upkeep
|turn|8
|choice|move taunt|move scald
|
|move|p1a: Gliscor|Taunt|p2a: Corsola
|-start|p2a: Corsola|move: Taunt
|move|p2a: Corsola|Scald|p1a: Gliscor
|-supereffective|p1a: Gliscor
|-damage|p1a: Gliscor|0 fnt
|faint|p1a: Gliscor
|
|upkeep
|choice|switch 4|
|
|switch|p1a: Chatot|Chatot, L79, M|100\/100
|turn|9
|choice|move boomburst|move powergem
|
|move|p1a: Chatot|Boomburst|p2a: Corsola
|-resisted|p2a: Corsola
|-damage|p2a: Corsola|71\/100
|-enditem|p2a: Corsola|Air Balloon
|move|p2a: Corsola|Power Gem|p1a: Chatot
|-supereffective|p1a: Chatot
|-damage|p1a: Chatot|21\/100
|
|-heal|p1a: Chatot|27\/100|[from] item: Leftovers
|upkeep
|turn|10
|choice|move chatter|move powergem
|
|move|p1a: Chatot|Chatter|p2a: Corsola
|-resisted|p2a: Corsola
|-damage|p2a: Corsola|58\/100
|-start|p2a: Corsola|confusion
|-activate|p2a: Corsola|confusion
|move|p2a: Corsola|Power Gem|p1a: Chatot
|-supereffective|p1a: Chatot
|-damage|p1a: Chatot|0 fnt
|faint|p1a: Chatot
|
|-end|p2a: Corsola|move: Taunt
|upkeep
|choice|switch 2|
|
|switch|p1a: Groudon|Groudon, L73|100\/100
|detailschange|p1a: Groudon|Groudon-Primal, L73
|-primal|p1a: Groudon
|-weather|DesolateLand|[from] ability: Desolate Land|[of] p1a: Groudon
|turn|11
|choice|move earthquake|move scald
|
|move|p1a: Groudon|Earthquake|p2a: Corsola
|-supereffective|p2a: Corsola
|-damage|p2a: Corsola|0 fnt
|faint|p2a: Corsola
|
|-weather|DesolateLand|[upkeep]
|upkeep
|choice||switch 3
|
|switch|p2a: Bruxish|Bruxish, L79, M|100\/100
|-damage|p2a: Bruxish|88\/100|[from] Stealth Rock
|turn|12
|choice|switch 5|move aquajet
|
|-weather|none
|switch|p1a: Liepard|Liepard, L79, M|100\/100
|move|p2a: Bruxish|Aqua Jet|p1a: Liepard
|-damage|p1a: Liepard|60\/100
|
|-heal|p1a: Liepard|66\/100|[from] item: Leftovers
|upkeep
|turn|13
|choice|move darkpulse|switch 4
|
|switch|p2a: Carnivine|Carnivine, L79, M|100\/100
|-damage|p2a: Carnivine|88\/100|[from] Stealth Rock
|move|p1a: Liepard|Dark Pulse|p2a: Carnivine
|-damage|p2a: Carnivine|52\/100
|
|-heal|p1a: Liepard|72\/100|[from] item: Leftovers
|-heal|p2a: Carnivine|58\/100|[from] item: Leftovers
|upkeep
|turn|14
|choice|move darkpulse|move return
|
|move|p1a: Liepard|Dark Pulse|p2a: Carnivine
|-damage|p2a: Carnivine|25\/100
|move|p2a: Carnivine|Return|p1a: Liepard
|-damage|p1a: Liepard|30\/100
|
|-heal|p1a: Liepard|36\/100|[from] item: Leftovers
|-heal|p2a: Carnivine|31\/100|[from] item: Leftovers
|upkeep
|turn|15
|choice|move darkpulse|move powerwhip
|
|move|p1a: Liepard|Dark Pulse|p2a: Carnivine
|-damage|p2a: Carnivine|0 fnt
|faint|p2a: Carnivine
|
|-heal|p1a: Liepard|42\/100|[from] item: Leftovers
|upkeep
|choice||switch 2
|
|switch|p2a: Raticate|Raticate-Alola, L79, F|100\/100
|-damage|p2a: Raticate|88\/100|[from] Stealth Rock
|turn|16
|choice|move darkpulse|move crunch
|
|move|p1a: Liepard|Dark Pulse|p2a: Raticate
|-resisted|p2a: Raticate
|-damage|p2a: Raticate|71\/100
|move|p2a: Raticate|Crunch|p1a: Liepard
|-resisted|p1a: Liepard
|-damage|p1a: Liepard|4\/100
|-damage|p2a: Raticate|61\/100|[from] item: Life Orb
|
|-heal|p1a: Liepard|10\/100|[from] item: Leftovers
|upkeep
|turn|17
|choice|move darkpulse|move suckerpunch
|
|move|p2a: Raticate|Sucker Punch|p1a: Liepard|[miss]
|-miss|p2a: Raticate|p1a: Liepard
|move|p1a: Liepard|Dark Pulse|p2a: Raticate
|-resisted|p2a: Raticate
|-damage|p2a: Raticate|45\/100
|
|-heal|p1a: Liepard|16\/100|[from] item: Leftovers
|upkeep
|turn|18
|choice|move thunderwave|move crunch
|
|move|p1a: Liepard|Thunder Wave|p2a: Raticate
|-hint|In gen 7, Dark is immune to Prankster moves.
|-immune|p2a: Raticate|[msg]
|move|p2a: Raticate|Crunch|p1a: Liepard|[miss]
|-miss|p2a: Raticate|p1a: Liepard
|
|-heal|p1a: Liepard|22\/100|[from] item: Leftovers
|upkeep
|turn|19
|choice|move thunderwave|move crunch
|
|move|p1a: Liepard|Thunder Wave|p2a: Raticate
|-hint|In gen 7, Dark is immune to Prankster moves.
|-immune|p2a: Raticate|[msg]
|move|p2a: Raticate|Crunch|p1a: Liepard
|-resisted|p1a: Liepard
|-damage|p1a: Liepard|0 fnt
|-damage|p2a: Raticate|35\/100|[from] item: Life Orb
|faint|p1a: Liepard
|
|upkeep
|choice|switch 3|
|
|switch|p1a: Turtonator|Turtonator, L79, M|100\/100
|turn|20
|choice|move earthquake|move return
|
|move|p2a: Raticate|Return|p1a: Turtonator
|-damage|p1a: Turtonator|48\/100
|-damage|p2a: Raticate|25\/100|[from] item: Life Orb
|move|p1a: Turtonator|Earthquake|p2a: Raticate
|-damage|p2a: Raticate|0 fnt
|faint|p2a: Raticate
|
|upkeep
|choice||switch 6
|
|switch|p2a: Salamence|Salamence, L73, F|100\/100
|-damage|p2a: Salamence|76\/100|[from] Stealth Rock
|turn|21
|choice|move dracometeor|move earthquake mega
|
|detailschange|p2a: Salamence|Salamence-Mega, L73, F
|-mega|p2a: Salamence|Salamence|Salamencite
|move|p2a: Salamence|Earthquake|p1a: Turtonator
|-supereffective|p1a: Turtonator
|-damage|p1a: Turtonator|0 fnt
|faint|p1a: Turtonator
|
|upkeep
|choice|switch 6|
|
|switch|p1a: Alomomola|Alomomola, L77, M|100\/100
|turn|22
|choice|move scald|move dracometeor
|
|move|p2a: Salamence|Draco Meteor|p1a: Alomomola
|-damage|p1a: Alomomola|47\/100
|-unboost|p2a: Salamence|spa|2
|move|p1a: Alomomola|Scald|p2a: Salamence
|-resisted|p2a: Salamence
|-damage|p2a: Salamence|67\/100
|
|-heal|p1a: Alomomola|53\/100|[from] item: Leftovers
|upkeep
|turn|23
|choice|move scald|move earthquake
|
|move|p2a: Salamence|Earthquake|p1a: Alomomola
|-damage|p1a: Alomomola|30\/100
|move|p1a: Alomomola|Scald|p2a: Salamence
|-resisted|p2a: Salamence
|-damage|p2a: Salamence|58\/100
|
|-heal|p1a: Alomomola|36\/100|[from] item: Leftovers
|upkeep
|turn|24
|choice|move scald|move dracometeor
|
|move|p2a: Salamence|Draco Meteor|p1a: Alomomola|[miss]
|-miss|p2a: Salamence|p1a: Alomomola
|move|p1a: Alomomola|Scald|p2a: Salamence
|-resisted|p2a: Salamence
|-damage|p2a: Salamence|50\/100
|-status|p2a: Salamence|brn
|
|-heal|p1a: Alomomola|42\/100|[from] item: Leftovers
|-damage|p2a: Salamence|44\/100 brn|[from] brn
|upkeep
|turn|25
|choice|move protect|move dragondance
|
|move|p1a: Alomomola|Protect|p1a: Alomomola
|-singleturn|p1a: Alomomola|Protect
|move|p2a: Salamence|Dragon Dance|p2a: Salamence
|-boost|p2a: Salamence|atk|1
|-boost|p2a: Salamence|spe|1
|
|-heal|p1a: Alomomola|48\/100|[from] item: Leftovers
|-damage|p2a: Salamence|38\/100 brn|[from] brn
|upkeep
|turn|26
|choice|move wish|move dracometeor
|
|move|p2a: Salamence|Draco Meteor|p1a: Alomomola
|-damage|p1a: Alomomola|19\/100
|-unboost|p2a: Salamence|spa|2
|move|p1a: Alomomola|Wish|p1a: Alomomola
|
|-heal|p1a: Alomomola|25\/100|[from] item: Leftovers
|-damage|p2a: Salamence|32\/100 brn|[from] brn
|upkeep
|turn|27
|choice|move protect|move doubleedge
|
|move|p1a: Alomomola|Protect|p1a: Alomomola
|-singleturn|p1a: Alomomola|Protect
|move|p2a: Salamence|Double-Edge|p1a: Alomomola
|-activate|p1a: Alomomola|move: Protect
|
|-heal|p1a: Alomomola|75\/100|[from] move: Wish|[wisher] Alomomola
|-heal|p1a: Alomomola|81\/100|[from] item: Leftovers
|-damage|p2a: Salamence|26\/100 brn|[from] brn
|upkeep
|turn|28
|choice|move protect|move doubleedge
|
|move|p1a: Alomomola|Protect|p1a: Alomomola
|-singleturn|p1a: Alomomola|Protect
|move|p2a: Salamence|Double-Edge|p1a: Alomomola
|-activate|p1a: Alomomola|move: Protect
|
|-heal|p1a: Alomomola|87\/100|[from] item: Leftovers
|-damage|p2a: Salamence|19\/100 brn|[from] brn
|upkeep
|turn|29
|choice|move protect|move dracometeor
|
|move|p1a: Alomomola|Protect|p1a: Alomomola
|-fail|p1a: Alomomola
|move|p2a: Salamence|Draco Meteor|p1a: Alomomola
|-damage|p1a: Alomomola|68\/100
|-unboost|p2a: Salamence|spa|2
|
|-heal|p1a: Alomomola|74\/100|[from] item: Leftovers
|-damage|p2a: Salamence|13\/100 brn|[from] brn
|upkeep
|turn|30
|choice|move scald|move earthquake
|
|move|p2a: Salamence|Earthquake|p1a: Alomomola
|-damage|p1a: Alomomola|55\/100
|move|p1a: Alomomola|Scald|p2a: Salamence
|-resisted|p2a: Salamence
|-damage|p2a: Salamence|5\/100 brn
|
|-heal|p1a: Alomomola|61\/100|[from] item: Leftovers
|-damage|p2a: Salamence|0 fnt|[from] brn
|upkeep
|faint|p2a: Salamence
|choice||switch 4
|
|switch|p2a: Bruxish|Bruxish, L79, M|88\/100
|-damage|p2a: Bruxish|76\/100|[from] Stealth Rock
|turn|31
|choice|move scald|move crunch
|
|move|p2a: Bruxish|Crunch|p1a: Alomomola
|-damage|p1a: Alomomola|38\/100
|move|p1a: Alomomola|Scald|p2a: Bruxish
|-resisted|p2a: Bruxish
|-damage|p2a: Bruxish|65\/100
|-status|p2a: Bruxish|brn
|
|-heal|p1a: Alomomola|44\/100|[from] item: Leftovers
|-damage|p2a: Bruxish|60\/100 brn|[from] brn
|upkeep
|turn|32
|choice|move wish|switch 5
|
|switch|p2a: Lunala|Lunala, L73|100\/100
|-damage|p2a: Lunala|88\/100|[from] Stealth Rock
|move|p1a: Alomomola|Wish|p1a: Alomomola
|
|-heal|p2a: Lunala|94\/100|[from] item: Leftovers
|-heal|p1a: Alomomola|50\/100|[from] item: Leftovers
|upkeep
|turn|33
|choice|move scald|move moongeistbeam
|
|move|p2a: Lunala|Moongeist Beam|p1a: Alomomola
|-crit|p1a: Alomomola
|-damage|p1a: Alomomola|0 fnt
|faint|p1a: Alomomola
|
|-heal|p2a: Lunala|100\/100|[from] item: Leftovers
|upkeep
|choice|switch 5|
|
|switch|p1a: Groudon|Groudon-Primal, L73|100\/100
|-weather|DesolateLand|[from] ability: Desolate Land|[of] p1a: Groudon
|turn|34
|choice|move earthquake|move moongeistbeam
|
|move|p2a: Lunala|Moongeist Beam|p1a: Groudon
|-damage|p1a: Groudon|53\/100
|move|p1a: Groudon|Earthquake|p2a: Lunala
|-damage|p2a: Lunala|79\/100
|
|-weather|DesolateLand|[upkeep]
|-heal|p2a: Lunala|85\/100|[from] item: Leftovers
|upkeep
|turn|35
|choice|move overheat|move moongeistbeam
|
|move|p2a: Lunala|Moongeist Beam|p1a: Groudon
|-damage|p1a: Groudon|8\/100
|move|p1a: Groudon|Overheat|p2a: Lunala
|-damage|p2a: Lunala|21\/100
|-unboost|p1a: Groudon|spa|2
|
|-weather|DesolateLand|[upkeep]
|-heal|p2a: Lunala|27\/100|[from] item: Leftovers
|upkeep
|turn|36
|choice|move overheat|move moongeistbeam
|
|move|p2a: Lunala|Moongeist Beam|p1a: Groudon
|-damage|p1a: Groudon|0 fnt
|faint|p1a: Groudon
|-weather|none
|
|win|Gaonita
|l|ElLuchis</script>
</div>
<div class="battle-log battle-log-inline"><div class="inner"><div class="chat"><small>ElLuchis joined.</small></div><div class="chat"><small>Gaonita joined.</small></div><div style="padding:5px 0"><small>Format:</small> <br><strong>[Gen 7] Random Battle</strong></div><div><small><em>Sleep Clause Mod:</em> Limit one foe put to sleep</small></div><div><small><em>HP Percentage Mod:</em> HP is shown in percentages</small></div><div>Battle between ElLuchis and Gaonita started!</div><div class="spacer"></div><div>Go! Gliscor!</div><div class="spacer"></div><div>Gaonita sent out Corsola!</div><div><small>The opposing <span class="battle-nickname-foe" title="Corsola">Corsola</span> floats in the air with its Air Balloon!</small></div><h2>Turn 1</h2><div class="spacer"></div><div><span class="battle-nickname" title="Gliscor">Gliscor</span> used <strong>Earthquake</strong>!</div><div><small>It doesn't affect the opposing <span class="battle-nickname-foe" title="Corsola">Corsola</span>... </small></div><div class="spacer"></div><div>The opposing <span class="battle-nickname-foe" title="Corsola">Corsola</span> used <strong>Scald</strong>!</div><div><small>It's super effective! </small><small><span class="battle-nickname" title="Gliscor">Gliscor</span> lost 57% of its health!</small><br></div><div class="spacer"></div><div><small><span class="battle-nickname" title="Gliscor">Gliscor</span> was badly poisoned by the Toxic Orb!</small></div><h2>Turn 2</h2><div class="spacer"></div><div><span class="battle-nickname" title="Gliscor">Gliscor</span> used <strong>Stealth Rock</strong>!</div><div><small>Pointed stones float in the air around the opposing team!</small></div><div class="spacer"></div><div>The opposing <span class="battle-nickname-foe" title="Corsola">Corsola</span> used <strong>Power Gem</strong>!</div><div><small><span class="battle-nickname" title="Gliscor">Gliscor</span> lost 31% of its health!</small><br></div><div><small>[<span class="battle-nickname" title="Gliscor">Gliscor</span>'s Poison Heal!]</small></div><div><small><span class="battle-nickname" title="Gliscor">Gliscor</span> restored its HP.</small></div><h2>Turn 3</h2><div class="spacer"></div><div><span class="battle-nickname" title="Gliscor">Gliscor</span> used <strong>Roost</strong>!</div><div><small><span class="battle-nickname" title="Gliscor">Gliscor</span> restored its HP.</small></div><div class="spacer"></div><div>The opposing <span class="battle-nickname-foe" title="Corsola">Corsola</span> used <strong>Scald</strong>!</div><div><small>It's super effective! </small><small><span class="battle-nickname" title="Gliscor">Gliscor</span> lost 57% of its health!</small><br></div><div><small>[<span class="battle-nickname" title="Gliscor">Gliscor</span>'s Poison Heal!]</small></div><div><small><span class="battle-nickname" title="Gliscor">Gliscor</span> restored its HP.</small></div><h2>Turn 4</h2><div class="spacer"></div><div><span class="battle-nickname" title="Gliscor">Gliscor</span> used <strong>Roost</strong>!</div><div><small><span class="battle-nickname" title="Gliscor">Gliscor</span> restored its HP.</small></div><div class="spacer"></div><div>The opposing <span class="battle-nickname-foe" title="Corsola">Corsola</span> used <strong>Scald</strong>!</div><div><small>It's super effective! </small><small><span class="battle-nickname" title="Gliscor">Gliscor</span> lost 53% of its health!</small><br></div><div><small>[<span class="battle-nickname" title="Gliscor">Gliscor</span>'s Poison Heal!]</small></div><div><small><span class="battle-nickname" title="Gliscor">Gliscor</span> restored its HP.</small></div><h2>Turn 5</h2><div class="spacer"></div><div><span class="battle-nickname" title="Gliscor">Gliscor</span> used <strong>Roost</strong>!</div><div><small><span class="battle-nickname" title="Gliscor">Gliscor</span> restored its HP.</small></div><div class="spacer"></div><div>The opposing <span class="battle-nickname-foe" title="Corsola">Corsola</span> used <strong>Scald</strong>!</div><div><small>It's super effective! </small><small><span class="battle-nickname" title="Gliscor">Gliscor</span> lost 56% of its health!</small><br></div><div><small>[<span class="battle-nickname" title="Gliscor">Gliscor</span>'s Poison Heal!]</small></div><div><small><span class="battle-nickname" title="Gliscor">Gliscor</span> restored its HP.</small></div><h2>Turn 6</h2><div class="spacer"></div><div><span class="battle-nickname" title="Gliscor">Gliscor</span> used <strong>Roost</strong>!</div><div><small><span class="battle-nickname" title="Gliscor">Gliscor</span> restored its HP.</small></div><div class="spacer"></div><div>The opposing <span class="battle-nickname-foe" title="Corsola">Corsola</span> used <strong>Scald</strong>!</div><div><small>It's super effective! </small><small><span class="battle-nickname" title="Gliscor">Gliscor</span> lost 53% of its health!</small><br></div><div><small>[<span class="battle-nickname" title="Gliscor">Gliscor</span>'s Poison Heal!]</small></div><div><small><span class="battle-nickname" title="Gliscor">Gliscor</span> restored its HP.</small></div><h2>Turn 7</h2><div class="spacer"></div><div><span class="battle-nickname" title="Gliscor">Gliscor</span> used <strong>Roost</strong>!</div><div><small><span class="battle-nickname" title="Gliscor">Gliscor</span> restored its HP.</small></div><div class="spacer"></div><div>The opposing <span class="battle-nickname-foe" title="Corsola">Corsola</span> used <strong>Scald</strong>!</div><div><small>It's super effective! A critical hit! </small><small><span class="battle-nickname" title="Gliscor">Gliscor</span> lost 80% of its health!</small><br></div><div><small>[<span class="battle-nickname" title="Gliscor">Gliscor</span>'s Poison Heal!]</small></div><div><small><span class="battle-nickname" title="Gliscor">Gliscor</span> restored its HP.</small></div><h2>Turn 8</h2><div class="spacer"></div><div><span class="battle-nickname" title="Gliscor">Gliscor</span> used <strong>Taunt</strong>!</div><div><small>The opposing <span class="battle-nickname-foe" title="Corsola">Corsola</span> fell for the taunt!</small></div><div class="spacer"></div><div>The opposing <span class="battle-nickname-foe" title="Corsola">Corsola</span> used <strong>Scald</strong>!</div><div><small>It's super effective! </small><small><span class="battle-nickname" title="Gliscor">Gliscor</span> lost 33% of its health!</small><br></div><div class="spacer"></div><div><span class="battle-nickname" title="Gliscor">Gliscor</span> fainted!</div><div class="spacer"></div><div>Go! Chatot!</div><h2>Turn 9</h2><div class="spacer"></div><div><span class="battle-nickname" title="Chatot">Chatot</span> used <strong>Boomburst</strong>!</div><div><small>It's not very effective... </small><small>The opposing <span class="battle-nickname-foe" title="Corsola">Corsola</span> lost 29% of its health!</small><br></div><div><small>The opposing <span class="battle-nickname-foe" title="Corsola">Corsola</span>'s Air Balloon popped!</small></div><div class="spacer"></div><div>The opposing <span class="battle-nickname-foe" title="Corsola">Corsola</span> used <strong>Power Gem</strong>!</div><div><small>It's super effective! </small><small><span class="battle-nickname" title="Chatot">Chatot</span> lost 79% of its health!</small><br></div><div class="spacer"></div><div><small><span class="battle-nickname" title="Chatot">Chatot</span> restored a little HP using its Leftovers!</small></div><h2>Turn 10</h2><div class="spacer"></div><div><span class="battle-nickname" title="Chatot">Chatot</span> used <strong>Chatter</strong>!</div><div><small>It's not very effective... </small><small>The opposing <span class="battle-nickname-foe" title="Corsola">Corsola</span> lost 13% of its health!</small><br></div><div><small>The opposing <span class="battle-nickname-foe" title="Corsola">Corsola</span> became confused!</small></div><div><small>The opposing <span class="battle-nickname-foe" title="Corsola">Corsola</span> is confused!</small></div><div class="spacer"></div><div>The opposing <span class="battle-nickname-foe" title="Corsola">Corsola</span> used <strong>Power Gem</strong>!</div><div><small>It's super effective! </small><small><span class="battle-nickname" title="Chatot">Chatot</span> lost 27% of its health!</small><br></div><div class="spacer"></div><div><span class="battle-nickname" title="Chatot">Chatot</span> fainted!</div><div class="spacer"></div><div><small>The opposing <span class="battle-nickname-foe" title="Corsola">Corsola</span>'s taunt wore off!</small></div><div class="spacer"></div><div>Go! Groudon!</div><div class="spacer"></div><div><small><span class="battle-nickname" title="Groudon-Primal">Groudon</span>'s Primal Reversion! It reverted to its primal state!</small></div><div><small>[<span class="battle-nickname" title="Groudon-Primal">Groudon</span>'s Desolate Land!]</small></div><div><small>The sunlight turned extremely harsh!</small></div><h2>Turn 11</h2><div class="spacer"></div><div><span class="battle-nickname" title="Groudon-Primal">Groudon</span> used <strong>Earthquake</strong>!</div><div><small>It's super effective! </small><small>The opposing <span class="battle-nickname-foe" title="Corsola">Corsola</span> lost 57% of its health!</small><br></div><div class="spacer"></div><div>The opposing <span class="battle-nickname-foe" title="Corsola">Corsola</span> fainted!</div><div class="spacer"></div><div>Gaonita sent out Bruxish!</div><div><small>Pointed stones dug into the opposing <span class="battle-nickname-foe" title="Bruxish">Bruxish</span>!</small></div><h2>Turn 12</h2><div class="spacer"></div><div><small>The harsh sunlight faded.</small></div><div class="spacer"></div><div><span class="battle-nickname" title="Groudon-Primal">Groudon</span>, come back!</div><div class="spacer"></div><div>Go! Liepard!</div><div class="spacer"></div><div>The opposing <span class="battle-nickname-foe" title="Bruxish">Bruxish</span> used <strong>Aqua Jet</strong>!</div><div><small><span class="battle-nickname" title="Liepard">Liepard</span> lost 40% of its health!</small><br></div><div class="spacer"></div><div><small><span class="battle-nickname" title="Liepard">Liepard</span> restored a little HP using its Leftovers!</small></div><h2>Turn 13</h2><div class="spacer"></div><div>Gaonita withdrew Bruxish!</div><div class="spacer"></div><div>Gaonita sent out Carnivine!</div><div><small>Pointed stones dug into the opposing <span class="battle-nickname-foe" title="Carnivine">Carnivine</span>!</small></div><div class="spacer"></div><div><span class="battle-nickname" title="Liepard">Liepard</span> used <strong>Dark Pulse</strong>!</div><div><small>The opposing <span class="battle-nickname-foe" title="Carnivine">Carnivine</span> lost 36% of its health!</small><br></div><div class="spacer"></div><div><small><span class="battle-nickname" title="Liepard">Liepard</span> restored a little HP using its Leftovers!</small></div><div><small>The opposing <span class="battle-nickname-foe" title="Carnivine">Carnivine</span> restored a little HP using its Leftovers!</small></div><h2>Turn 14</h2><div class="spacer"></div><div><span class="battle-nickname" title="Liepard">Liepard</span> used <strong>Dark Pulse</strong>!</div><div><small>The opposing <span class="battle-nickname-foe" title="Carnivine">Carnivine</span> lost 32% of its health!</small><br></div><div class="spacer"></div><div>The opposing <span class="battle-nickname-foe" title="Carnivine">Carnivine</span> used <strong>Return</strong>!</div><div><small><span class="battle-nickname" title="Liepard">Liepard</span> lost 42% of its health!</small><br></div><div class="spacer"></div><div><small><span class="battle-nickname" title="Liepard">Liepard</span> restored a little HP using its Leftovers!</small></div><div><small>The opposing <span class="battle-nickname-foe" title="Carnivine">Carnivine</span> restored a little HP using its Leftovers!</small></div><h2>Turn 15</h2><div class="spacer"></div><div><span class="battle-nickname" title="Liepard">Liepard</span> used <strong>Dark Pulse</strong>!</div><div><small>The opposing <span class="battle-nickname-foe" title="Carnivine">Carnivine</span> lost 31% of its health!</small><br></div><div class="spacer"></div><div>The opposing <span class="battle-nickname-foe" title="Carnivine">Carnivine</span> fainted!</div><div class="spacer"></div><div><small><span class="battle-nickname" title="Liepard">Liepard</span> restored a little HP using its Leftovers!</small></div><div class="spacer"></div><div>Gaonita sent out <span class="battle-nickname-foe" title="Raticate-Alola">Raticate <small>(Raticate-Alola)</small></span>!</div><div><small>Pointed stones dug into the opposing <span class="battle-nickname-foe" title="Raticate-Alola">Raticate</span>!</small></div><h2>Turn 16</h2><div class="spacer"></div><div><span class="battle-nickname" title="Liepard">Liepard</span> used <strong>Dark Pulse</strong>!</div><div><small>It's not very effective... </small><small>The opposing <span class="battle-nickname-foe" title="Raticate-Alola">Raticate</span> lost 17% of its health!</small><br></div><div class="spacer"></div><div>The opposing <span class="battle-nickname-foe" title="Raticate-Alola">Raticate</span> used <strong>Crunch</strong>!</div><div><small>It's not very effective... </small><small><span class="battle-nickname" title="Liepard">Liepard</span> lost 38% of its health!</small><br></div><div><small>The opposing <span class="battle-nickname-foe" title="Raticate-Alola">Raticate</span> lost some of its HP!</small></div><div class="spacer"></div><div><small><span class="battle-nickname" title="Liepard">Liepard</span> restored a little HP using its Leftovers!</small></div><h2>Turn 17</h2><div class="spacer"></div><div>The opposing <span class="battle-nickname-foe" title="Raticate-Alola">Raticate</span> used <strong>Sucker Punch</strong>!</div><div><small><span class="battle-nickname" title="Liepard">Liepard</span> avoided the attack!</small></div><div class="spacer"></div><div><span class="battle-nickname" title="Liepard">Liepard</span> used <strong>Dark Pulse</strong>!</div><div><small>It's not very effective... </small><small>The opposing <span class="battle-nickname-foe" title="Raticate-Alola">Raticate</span> lost 16% of its health!</small><br></div><div class="spacer"></div><div><small><span class="battle-nickname" title="Liepard">Liepard</span> restored a little HP using its Leftovers!</small></div><h2>Turn 18</h2><div class="spacer"></div><div><span class="battle-nickname" title="Liepard">Liepard</span> used <strong>Thunder Wave</strong>!</div><div><small>(In gen 7, Dark is immune to Prankster moves.)</small></div><div><small>It doesn't affect the opposing <span class="battle-nickname-foe" title="Raticate-Alola">Raticate</span>... </small></div><div class="spacer"></div><div>The opposing <span class="battle-nickname-foe" title="Raticate-Alola">Raticate</span> used <strong>Crunch</strong>!</div><div><small><span class="battle-nickname" title="Liepard">Liepard</span> avoided the attack!</small></div><div class="spacer"></div><div><small><span class="battle-nickname" title="Liepard">Liepard</span> restored a little HP using its Leftovers!</small></div><h2>Turn 19</h2><div class="spacer"></div><div><span class="battle-nickname" title="Liepard">Liepard</span> used <strong>Thunder Wave</strong>!</div><div><small>(In gen 7, Dark is immune to Prankster moves.)</small></div><div><small>It doesn't affect the opposing <span class="battle-nickname-foe" title="Raticate-Alola">Raticate</span>... </small></div><div class="spacer"></div><div>The opposing <span class="battle-nickname-foe" title="Raticate-Alola">Raticate</span> used <strong>Crunch</strong>!</div><div><small>It's not very effective... </small><small><span class="battle-nickname" title="Liepard">Liepard</span> lost 22% of its health!</small><br></div><div><small>The opposing <span class="battle-nickname-foe" title="Raticate-Alola">Raticate</span> lost some of its HP!</small></div><div class="spacer"></div><div><span class="battle-nickname" title="Liepard">Liepard</span> fainted!</div><div class="spacer"></div><div>Go! Turtonator!</div><h2>Turn 20</h2><div class="spacer"></div><div>The opposing <span class="battle-nickname-foe" title="Raticate-Alola">Raticate</span> used <strong>Return</strong>!</div><div><small><span class="battle-nickname" title="Turtonator">Turtonator</span> lost 52% of its health!</small><br></div><div><small>The opposing <span class="battle-nickname-foe" title="Raticate-Alola">Raticate</span> lost some of its HP!</small></div><div class="spacer"></div><div><span class="battle-nickname" title="Turtonator">Turtonator</span> used <strong>Earthquake</strong>!</div><div><small>The opposing <span class="battle-nickname-foe" title="Raticate-Alola">Raticate</span> lost 25% of its health!</small><br></div><div class="spacer"></div><div>The opposing <span class="battle-nickname-foe" title="Raticate-Alola">Raticate</span> fainted!</div><div class="spacer"></div><div>Gaonita sent out Salamence!</div><div><small>Pointed stones dug into the opposing <span class="battle-nickname-foe" title="Salamence">Salamence</span>!</small></div><h2>Turn 21</h2><div class="spacer"></div><div><small>The opposing <span class="battle-nickname-foe" title="Salamence-Mega">Salamence</span>'s Salamencite is reacting to Gaonita's Mega Bracelet!<br>The opposing <span class="battle-nickname-foe" title="Salamence-Mega">Salamence</span> has Mega Evolved into Mega Salamence!</small></div><div class="spacer"></div><div>The opposing <span class="battle-nickname-foe" title="Salamence-Mega">Salamence</span> used <strong>Earthquake</strong>!</div><div><small>It's super effective! </small><small><span class="battle-nickname" title="Turtonator">Turtonator</span> lost 48% of its health!</small><br></div><div class="spacer"></div><div><span class="battle-nickname" title="Turtonator">Turtonator</span> fainted!</div><div class="spacer"></div><div>Go! Alomomola!</div><h2>Turn 22</h2><div class="spacer"></div><div>The opposing <span class="battle-nickname-foe" title="Salamence-Mega">Salamence</span> used <strong>Draco Meteor</strong>!</div><div><small><span class="battle-nickname" title="Alomomola">Alomomola</span> lost 53% of its health!</small><br></div><div><small>The opposing <span class="battle-nickname-foe" title="Salamence-Mega">Salamence</span>'s Special Attack fell harshly! </small></div><div class="spacer"></div><div><span class="battle-nickname" title="Alomomola">Alomomola</span> used <strong>Scald</strong>!</div><div><small>It's not very effective... </small><small>The opposing <span class="battle-nickname-foe" title="Salamence-Mega">Salamence</span> lost 9% of its health!</small><br></div><div class="spacer"></div><div><small><span class="battle-nickname" title="Alomomola">Alomomola</span> restored a little HP using its Leftovers!</small></div><h2>Turn 23</h2><div class="spacer"></div><div>The opposing <span class="battle-nickname-foe" title="Salamence-Mega">Salamence</span> used <strong>Earthquake</strong>!</div><div><small><span class="battle-nickname" title="Alomomola">Alomomola</span> lost 23% of its health!</small><br></div><div class="spacer"></div><div><span class="battle-nickname" title="Alomomola">Alomomola</span> used <strong>Scald</strong>!</div><div><small>It's not very effective... </small><small>The opposing <span class="battle-nickname-foe" title="Salamence-Mega">Salamence</span> lost 9% of its health!</small><br></div><div class="spacer"></div><div><small><span class="battle-nickname" title="Alomomola">Alomomola</span> restored a little HP using its Leftovers!</small></div><h2>Turn 24</h2><div class="spacer"></div><div>The opposing <span class="battle-nickname-foe" title="Salamence-Mega">Salamence</span> used <strong>Draco Meteor</strong>!</div><div><small><span class="battle-nickname" title="Alomomola">Alomomola</span> avoided the attack!</small></div><div class="spacer"></div><div><span class="battle-nickname" title="Alomomola">Alomomola</span> used <strong>Scald</strong>!</div><div><small>It's not very effective... </small><small>The opposing <span class="battle-nickname-foe" title="Salamence-Mega">Salamence</span> lost 7% of its health!</small><br></div><div><small>The opposing <span class="battle-nickname-foe" title="Salamence-Mega">Salamence</span> was burned!</small></div><div class="spacer"></div><div><small><span class="battle-nickname" title="Alomomola">Alomomola</span> restored a little HP using its Leftovers!</small></div><div><small>The opposing <span class="battle-nickname-foe" title="Salamence-Mega">Salamence</span> was hurt by its burn!</small></div><h2>Turn 25</h2><div class="spacer"></div><div><span class="battle-nickname" title="Alomomola">Alomomola</span> used <strong>Protect</strong>!</div><div><small><span class="battle-nickname" title="Alomomola">Alomomola</span> protected itself!</small></div><div class="spacer"></div><div>The opposing <span class="battle-nickname-foe" title="Salamence-Mega">Salamence</span> used <strong>Dragon Dance</strong>!</div><div><small>The opposing <span class="battle-nickname-foe" title="Salamence-Mega">Salamence</span>'s Attack rose! The opposing <span class="battle-nickname-foe" title="Salamence-Mega">Salamence</span>'s Speed rose! </small></div><div class="spacer"></div><div><small><span class="battle-nickname" title="Alomomola">Alomomola</span> restored a little HP using its Leftovers!</small></div><div><small>The opposing <span class="battle-nickname-foe" title="Salamence-Mega">Salamence</span> was hurt by its burn!</small></div><h2>Turn 26</h2><div class="spacer"></div><div>The opposing <span class="battle-nickname-foe" title="Salamence-Mega">Salamence</span> used <strong>Draco Meteor</strong>!</div><div><small><span class="battle-nickname" title="Alomomola">Alomomola</span> lost 29% of its health!</small><br></div><div><small>The opposing <span class="battle-nickname-foe" title="Salamence-Mega">Salamence</span>'s Special Attack fell harshly! </small></div><div class="spacer"></div><div><span class="battle-nickname" title="Alomomola">Alomomola</span> used <strong>Wish</strong>!</div><div class="spacer"></div><div><small><span class="battle-nickname" title="Alomomola">Alomomola</span> restored a little HP using its Leftovers!</small></div><div><small>The opposing <span class="battle-nickname-foe" title="Salamence-Mega">Salamence</span> was hurt by its burn!</small></div><h2>Turn 27</h2><div class="spacer"></div><div><span class="battle-nickname" title="Alomomola">Alomomola</span> used <strong>Protect</strong>!</div><div><small><span class="battle-nickname" title="Alomomola">Alomomola</span> protected itself!</small></div><div class="spacer"></div><div>The opposing <span class="battle-nickname-foe" title="Salamence-Mega">Salamence</span> used <strong>Double-Edge</strong>!</div><div><small><span class="battle-nickname" title="Alomomola">Alomomola</span> protected itself!</small></div><div class="spacer"></div><div><small>Alomomola's wish came true!</small></div><div><small><span class="battle-nickname" title="Alomomola">Alomomola</span> restored a little HP using its Leftovers!</small></div><div><small>The opposing <span class="battle-nickname-foe" title="Salamence-Mega">Salamence</span> was hurt by its burn!</small></div><h2>Turn 28</h2><div class="spacer"></div><div><span class="battle-nickname" title="Alomomola">Alomomola</span> used <strong>Protect</strong>!</div><div><small><span class="battle-nickname" title="Alomomola">Alomomola</span> protected itself!</small></div><div class="spacer"></div><div>The opposing <span class="battle-nickname-foe" title="Salamence-Mega">Salamence</span> used <strong>Double-Edge</strong>!</div><div><small><span class="battle-nickname" title="Alomomola">Alomomola</span> protected itself!</small></div><div class="spacer"></div><div><small><span class="battle-nickname" title="Alomomola">Alomomola</span> restored a little HP using its Leftovers!</small></div><div><small>The opposing <span class="battle-nickname-foe" title="Salamence-Mega">Salamence</span> was hurt by its burn!</small></div><h2>Turn 29</h2><div class="spacer"></div><div><span class="battle-nickname" title="Alomomola">Alomomola</span> used <strong>Protect</strong>!</div><div><small>But it failed!</small></div><div class="spacer"></div><div>The opposing <span class="battle-nickname-foe" title="Salamence-Mega">Salamence</span> used <strong>Draco Meteor</strong>!</div><div><small><span class="battle-nickname" title="Alomomola">Alomomola</span> lost 19% of its health!</small><br></div><div><small>The opposing <span class="battle-nickname-foe" title="Salamence-Mega">Salamence</span>'s Special Attack fell harshly! </small></div><div class="spacer"></div><div><small><span class="battle-nickname" title="Alomomola">Alomomola</span> restored a little HP using its Leftovers!</small></div><div><small>The opposing <span class="battle-nickname-foe" title="Salamence-Mega">Salamence</span> was hurt by its burn!</small></div><h2>Turn 30</h2><div class="spacer"></div><div>The opposing <span class="battle-nickname-foe" title="Salamence-Mega">Salamence</span> used <strong>Earthquake</strong>!</div><div><small><span class="battle-nickname" title="Alomomola">Alomomola</span> lost 19% of its health!</small><br></div><div class="spacer"></div><div><span class="battle-nickname" title="Alomomola">Alomomola</span> used <strong>Scald</strong>!</div><div><small>It's not very effective... </small><small>The opposing <span class="battle-nickname-foe" title="Salamence-Mega">Salamence</span> lost 8% of its health!</small><br></div><div class="spacer"></div><div><small><span class="battle-nickname" title="Alomomola">Alomomola</span> restored a little HP using its Leftovers!</small></div><div><small>The opposing <span class="battle-nickname-foe" title="Salamence-Mega">Salamence</span> was hurt by its burn!</small></div><div class="spacer"></div><div>The opposing <span class="battle-nickname-foe" title="Salamence-Mega">Salamence</span> fainted!</div><div class="spacer"></div><div>Gaonita sent out Bruxish!</div><div><small>Pointed stones dug into the opposing <span class="battle-nickname-foe" title="Bruxish">Bruxish</span>!</small></div><h2>Turn 31</h2><div class="spacer"></div><div>The opposing <span class="battle-nickname-foe" title="Bruxish">Bruxish</span> used <strong>Crunch</strong>!</div><div><small><span class="battle-nickname" title="Alomomola">Alomomola</span> lost 23% of its health!</small><br></div><div class="spacer"></div><div><span class="battle-nickname" title="Alomomola">Alomomola</span> used <strong>Scald</strong>!</div><div><small>It's not very effective... </small><small>The opposing <span class="battle-nickname-foe" title="Bruxish">Bruxish</span> lost 11% of its health!</small><br></div><div><small>The opposing <span class="battle-nickname-foe" title="Bruxish">Bruxish</span> was burned!</small></div><div class="spacer"></div><div><small><span class="battle-nickname" title="Alomomola">Alomomola</span> restored a little HP using its Leftovers!</small></div><div><small>The opposing <span class="battle-nickname-foe" title="Bruxish">Bruxish</span> was hurt by its burn!</small></div><h2>Turn 32</h2><div class="spacer"></div><div>Gaonita withdrew Bruxish!</div><div class="spacer"></div><div>Gaonita sent out Lunala!</div><div><small>Pointed stones dug into the opposing <span class="battle-nickname-foe" title="Lunala">Lunala</span>!</small></div><div class="spacer"></div><div><span class="battle-nickname" title="Alomomola">Alomomola</span> used <strong>Wish</strong>!</div><div class="spacer"></div><div><small>The opposing <span class="battle-nickname-foe" title="Lunala">Lunala</span> restored a little HP using its Leftovers!</small></div><div><small><span class="battle-nickname" title="Alomomola">Alomomola</span> restored a little HP using its Leftovers!</small></div><h2>Turn 33</h2><div class="spacer"></div><div>The opposing <span class="battle-nickname-foe" title="Lunala">Lunala</span> used <strong>Moongeist Beam</strong>!</div><div><small>A critical hit! </small><small><span class="battle-nickname" title="Alomomola">Alomomola</span> lost 50% of its health!</small><br></div><div class="spacer"></div><div><span class="battle-nickname" title="Alomomola">Alomomola</span> fainted!</div><div class="spacer"></div><div><small>The opposing <span class="battle-nickname-foe" title="Lunala">Lunala</span> restored a little HP using its Leftovers!</small></div><div class="spacer"></div><div>Go! <span class="battle-nickname" title="Groudon-Primal">Groudon <small>(Groudon-Primal)</small></span>!</div><div><small>[<span class="battle-nickname" title="Groudon-Primal">Groudon</span>'s Desolate Land!]</small></div><div><small>The sunlight turned extremely harsh!</small></div><h2>Turn 34</h2><div class="spacer"></div><div>The opposing <span class="battle-nickname-foe" title="Lunala">Lunala</span> used <strong>Moongeist Beam</strong>!</div><div><small><span class="battle-nickname" title="Groudon-Primal">Groudon</span> lost 47% of its health!</small><br></div><div class="spacer"></div><div><span class="battle-nickname" title="Groudon-Primal">Groudon</span> used <strong>Earthquake</strong>!</div><div><small>The opposing <span class="battle-nickname-foe" title="Lunala">Lunala</span> lost 21% of its health!</small><br></div><div class="spacer"></div><div><small>The opposing <span class="battle-nickname-foe" title="Lunala">Lunala</span> restored a little HP using its Leftovers!</small></div><h2>Turn 35</h2><div class="spacer"></div><div>The opposing <span class="battle-nickname-foe" title="Lunala">Lunala</span> used <strong>Moongeist Beam</strong>!</div><div><small><span class="battle-nickname" title="Groudon-Primal">Groudon</span> lost 45% of its health!</small><br></div><div class="spacer"></div><div><span class="battle-nickname" title="Groudon-Primal">Groudon</span> used <strong>Overheat</strong>!</div><div><small>The opposing <span class="battle-nickname-foe" title="Lunala">Lunala</span> lost 64% of its health!</small><br></div><div><small><span class="battle-nickname" title="Groudon-Primal">Groudon</span>'s Special Attack fell harshly! </small></div><div class="spacer"></div><div><small>The opposing <span class="battle-nickname-foe" title="Lunala">Lunala</span> restored a little HP using its Leftovers!</small></div><h2>Turn 36</h2><div class="spacer"></div><div>The opposing <span class="battle-nickname-foe" title="Lunala">Lunala</span> used <strong>Moongeist Beam</strong>!</div><div><small><span class="battle-nickname" title="Groudon-Primal">Groudon</span> lost 8% of its health!</small><br></div><div class="spacer"></div><div><span class="battle-nickname" title="Groudon-Primal">Groudon</span> fainted!</div><div><small>The harsh sunlight faded.</small></div><div class="spacer"></div><div>Gaonita won the battle!</div><div class="chat"><small>ElLuchis left.</small></div></div></div>
</div>
<script>
var daily = Math.floor(Date.now()/1000/60/60/24);document.write('<script src="https://play.pokemonshowdown.com/js/replay-embed.js?version'+daily+'"></'+'script>');
</script>
