<!DOCTYPE html>
<meta charset="utf-8" />
<!-- version 1 -->
<title>[Gen 7] Random Battle replay: Koakuma vs. Amythewolfcat</title>
<style>
html,body {font-family:Verdana, sans-serif;font-size:10pt;margin:0;padding:0;}body{padding:12px 0;} .battle-log {font-family:Verdana, sans-serif;font-size:10pt;} .battle-log-inline {border:1px solid #AAAAAA;background:#EEF2F5;color:black;max-width:640px;margin:0 auto 80px;padding-bottom:5px;} .battle-log .inner {padding:4px 8px 0px 8px;} .battle-log .inner-preempt {padding:0 8px 4px 8px;} .battle-log .inner-after {margin-top:0.5em;} .battle-log h2 {margin:0.5em -8px;padding:4px 8px;border:1px solid #AAAAAA;background:#E0E7EA;border-left:0;border-right:0;font-family:Verdana, sans-serif;font-size:13pt;} .battle-log .chat {vertical-align:middle;padding:3px 0 3px 0;font-size:8pt;} .battle-log .chat strong {color:#40576A;} .battle-log .chat em {padding:1px 4px 1px 3px;color:#000000;font-style:normal;} .chat.mine {background:rgba(0,0,0,0.05);margin-left:-8px;margin-right:-8px;padding-left:8px;padding-right:8px;} .spoiler {color:#BBBBBB;background:#BBBBBB;padding:0px 3px;} .spoiler:hover, .spoiler:active, .spoiler-shown {color:#000000;background:#E2E2E2;padding:0px 3px;} .spoiler a {color:#BBBBBB;} .spoiler:hover a, .spoiler:active a, .spoiler-shown a {color:#2288CC;} .chat code, .chat .spoiler:hover code, .chat .spoiler:active code, .chat .spoiler-shown code {border:1px solid #C0C0C0;background:#EEEEEE;color:black;padding:0 2px;} .chat .spoiler code {border:1px solid #CCCCCC;background:#CCCCCC;color:#CCCCCC;} .battle-log .rated {padding:3px 4px;} .battle-log .rated strong {color:white;background:#89A;padding:1px 4px;border-radius:4px;} .spacer {margin-top:0.5em;} .message-announce {background:#6688AA;color:white;padding:1px 4px 2px;} .message-announce a, .broadcast-green a, .broadcast-blue a, .broadcast-red a {color:#DDEEFF;} .broadcast-green {background-color:#559955;color:white;padding:2px 4px;} .broadcast-blue {background-color:#6688AA;color:white;padding:2px 4px;} .infobox {border:1px solid #6688AA;padding:2px 4px;} .infobox-limited {max-height:200px;overflow:auto;overflow-x:hidden;} .broadcast-red {background-color:#AA5544;color:white;padding:2px 4px;} .message-learn-canlearn {font-weight:bold;color:#228822;text-decoration:underline;} .message-learn-cannotlearn {font-weight:bold;color:#CC2222;text-decoration:underline;} .message-effect-weak {font-weight:bold;color:#CC2222;} .message-effect-resist {font-weight:bold;color:#6688AA;} .message-effect-immune {font-weight:bold;color:#666666;} .message-learn-list {margin-top:0;margin-bottom:0;} .message-throttle-notice, .message-error {color:#992222;} .message-overflow, .chat small.message-overflow {font-size:0pt;} .message-overflow::before {font-size:9pt;content:'...';} .subtle {color:#3A4A66;}
</style>
<div class="wrapper replay-wrapper" style="max-width:1180px;margin:0 auto">
<input type="hidden" name="replayid" value="gen7randombattle-566982364" />
<div class="battle"></div><div class="battle-log"></div><div class="replay-controls"></div><div class="replay-controls-2"></div>
<h1 style="font-weight:normal;text-align:center"><strong>[Gen 7] Random Battle</strong><br /><a href="http://pokemonshowdown.com/users/koakuma" class="subtle" target="_blank">Koakuma</a> vs. <a href="http://pokemonshowdown.com/users/amythewolfcat" class="subtle" target="_blank">Amythewolfcat</a></h1>
<script type="text/plain" class="battle-log-data">|j|Koakuma
|j|Amythewolfcat
|player|p1|Koakuma|#yellow
|player|p2|Amythewolfcat|102
|gametype|singles
|gen|7
|tier|[Gen 7] Random Battle
|seed|27512,29497,35889,15036,45561,9790,24303,56719,54973,59935,22609,47661
|rule|Sleep Clause Mod: Limit one foe put to sleep
|rule|HP Percentage Mod: HP is shown in percentages
|
|start
|switch|p1a: Milotic|Milotic, L79, M|100\/100
|switch|p2a: Buzzwole|Buzzwole, L75|100\/100
|turn|1
|c|☆Amythewolfcat|Gl and hf
|choice|move scald|switch 5
|
|switch|p2a: Alomomola|Alomomola, L77, M|100\/100
|move|p1a: Milotic|Scald|p2a: Alomomola
|-resisted|p2a: Alomomola
|-damage|p2a: Alomomola|84\/100
|-status|p2a: Alomomola|brn
|
|-heal|p2a: Alomomola|90\/100 brn|[from] item: Leftovers
|-damage|p2a: Alomomola|84\/100 brn|[from] brn
|upkeep
|turn|2
|choice|switch 2|move knockoff
|
|switch|p1a: Rotom|Rotom-Wash, L75|100\/100
|move|p2a: Alomomola|Knock Off|p1a: Rotom
|-damage|p1a: Rotom|88\/100
|-enditem|p1a: Rotom|Choice Scarf|[from] move: Knock Off|[of] p2a: Alomomola
|
|-heal|p2a: Alomomola|90\/100 brn|[from] item: Leftovers
|-damage|p2a: Alomomola|84\/100 brn|[from] brn
|upkeep
|turn|3
|choice|move thunderbolt|move wish
|
|move|p1a: Rotom|Thunderbolt|p2a: Alomomola
|-supereffective|p2a: Alomomola
|-damage|p2a: Alomomola|6\/100 brn
|move|p2a: Alomomola|Wish|p2a: Alomomola
|
|-heal|p2a: Alomomola|12\/100 brn|[from] item: Leftovers
|-damage|p2a: Alomomola|6\/100 brn|[from] brn
|upkeep
|turn|4
|j|Segmr
|j|16bit
|choice|move voltswitch|move protect
|
|move|p2a: Alomomola|Protect|p2a: Alomomola
|-singleturn|p2a: Alomomola|Protect
|move|p1a: Rotom|Volt Switch|p2a: Alomomola
|-activate|p2a: Alomomola|move: Protect
|
|-heal|p2a: Alomomola|56\/100 brn|[from] move: Wish|[wisher] Alomomola
|-heal|p2a: Alomomola|62\/100 brn|[from] item: Leftovers
|-damage|p2a: Alomomola|56\/100 brn|[from] brn
|upkeep
|turn|5
|choice|move thunderbolt|move wish
|
|move|p1a: Rotom|Thunderbolt|p2a: Alomomola
|-supereffective|p2a: Alomomola
|-damage|p2a: Alomomola|0 fnt
|faint|p2a: Alomomola
|
|upkeep
|choice||switch 3
|
|switch|p2a: Passimian|Passimian, L79, F|100\/100
|turn|6
|choice|move hydropump|move uturn
|
|move|p2a: Passimian|U-turn|p1a: Rotom
|-damage|p1a: Rotom|61\/100
|choice||switch 4
|
|switch|p2a: Manectric|Manectric, L75, F|100\/100
|move|p1a: Rotom|Hydro Pump|p2a: Manectric|[miss]
|-miss|p1a: Rotom|p2a: Manectric
|
|upkeep
|turn|7
|choice|move hydropump|move thunderbolt mega
|
|detailschange|p2a: Manectric|Manectric-Mega, L75, F
|-mega|p2a: Manectric|Manectric|Manectite
|-ability|p2a: Manectric|Intimidate|boost
|-unboost|p1a: Rotom|atk|1
|move|p2a: Manectric|Thunderbolt|p1a: Rotom
|-damage|p1a: Rotom|11\/100
|move|p1a: Rotom|Hydro Pump|p2a: Manectric
|-damage|p2a: Manectric|45\/100
|
|upkeep
|turn|8
|choice|switch 4|move voltswitch
|
|switch|p1a: Volbeat|Volbeat, L75, M|100\/100
|move|p2a: Manectric|Volt Switch|p1a: Volbeat
|-damage|p1a: Volbeat|62\/100
|choice||switch 6
|
|switch|p2a: Braviary|Braviary, L79, M|100\/100
|
|-heal|p1a: Volbeat|68\/100|[from] item: Leftovers
|upkeep
|turn|9
|choice|move substitute|move bravebird
|
|move|p1a: Volbeat|Substitute|p1a: Volbeat
|-start|p1a: Volbeat|Substitute
|-damage|p1a: Volbeat|43\/100
|move|p2a: Braviary|Brave Bird|p1a: Volbeat
|-supereffective|p1a: Volbeat
|-end|p1a: Volbeat|Substitute
|-damage|p2a: Braviary|94\/100|[from] recoil|[of] p1a: Volbeat
|-damage|p2a: Braviary|84\/100|[from] item: Life Orb
|
|-heal|p1a: Volbeat|49\/100|[from] item: Leftovers
|upkeep
|turn|10
|choice|move substitute|move uturn
|
|move|p1a: Volbeat|Substitute|p1a: Volbeat
|-start|p1a: Volbeat|Substitute
|-damage|p1a: Volbeat|24\/100
|move|p2a: Braviary|U-turn|p1a: Volbeat
|-end|p1a: Volbeat|Substitute
|-damage|p2a: Braviary|75\/100|[from] item: Life Orb
|c|@Segmr|brib
|choice||switch 5
|
|switch|p2a: Buzzwole|Buzzwole, L75|100\/100
|
|-heal|p1a: Volbeat|30\/100|[from] item: Leftovers
|upkeep
|turn|11
|choice|move substitute|move leechlife
|
|move|p1a: Volbeat|Substitute|p1a: Volbeat
|-start|p1a: Volbeat|Substitute
|-damage|p1a: Volbeat|5\/100
|move|p2a: Buzzwole|Leech Life|p1a: Volbeat
|-end|p1a: Volbeat|Substitute
|
|-heal|p1a: Volbeat|11\/100|[from] item: Leftovers
|upkeep
|turn|12
|choice|switch 3|switch 4
|
|switch|p2a: Passimian|Passimian, L79, F|100\/100
|switch|p1a: Scolipede|Scolipede, L75, M|100\/100
|
|upkeep
|turn|13
|choice|move swordsdance|move rocktomb
|
|move|p2a: Passimian|Rock Tomb|p1a: Scolipede
|-supereffective|p1a: Scolipede
|-crit|p1a: Scolipede
|-damage|p1a: Scolipede|35\/100
|-unboost|p1a: Scolipede|spe|1
|move|p1a: Scolipede|Swords Dance|p1a: Scolipede
|-boost|p1a: Scolipede|atk|2
|
|-heal|p1a: Scolipede|41\/100|[from] item: Black Sludge
|-ability|p1a: Scolipede|Speed Boost|boost
|-boost|p1a: Scolipede|spe|1
|upkeep
|turn|14
|choice|switch 3|move rocktomb
|
|switch|p1a: Volbeat|Volbeat, L75, M|11\/100
|move|p2a: Passimian|Rock Tomb|p1a: Volbeat
|-supereffective|p1a: Volbeat
|-crit|p1a: Volbeat
|-damage|p1a: Volbeat|0 fnt
|faint|p1a: Volbeat
|
|upkeep
|choice|switch 2|
|
|switch|p1a: Milotic|Milotic, L79, M|100\/100
|turn|15
|choice|move scald|switch 6
|
|switch|p2a: Manectric|Manectric-Mega, L75, F|45\/100
|-ability|p2a: Manectric|Intimidate|boost
|-unboost|p1a: Milotic|atk|1
|move|p1a: Milotic|Scald|p2a: Manectric
|-damage|p2a: Manectric|8\/100
|
|upkeep
|turn|16
|choice|move scald|move voltswitch
|
|move|p2a: Manectric|Volt Switch|p1a: Milotic
|-supereffective|p1a: Milotic
|-damage|p1a: Milotic|58\/100
|choice||switch 4
|
|switch|p2a: Buzzwole|Buzzwole, L75|100\/100
|move|p1a: Milotic|Scald|p2a: Buzzwole
|-damage|p2a: Buzzwole|59\/100
|
|-heal|p1a: Milotic|64\/100|[from] item: Leftovers
|upkeep
|turn|17
|choice|move scald|move poisonjab
|
|move|p2a: Buzzwole|Poison Jab|p1a: Milotic
|-damage|p1a: Milotic|40\/100
|move|p1a: Milotic|Scald|p2a: Buzzwole
|-damage|p2a: Buzzwole|12\/100
|
|-heal|p1a: Milotic|47\/100|[from] item: Leftovers
|upkeep
|turn|18
|choice|move scald|move poisonjab
|
|move|p2a: Buzzwole|Poison Jab|p1a: Milotic
|-damage|p1a: Milotic|23\/100
|move|p1a: Milotic|Scald|p2a: Buzzwole
|-damage|p2a: Buzzwole|0 fnt
|faint|p2a: Buzzwole
|
|-heal|p1a: Milotic|29\/100|[from] item: Leftovers
|upkeep
|choice||switch 4
|
|switch|p2a: Manectric|Manectric-Mega, L75, F|8\/100
|-ability|p2a: Manectric|Intimidate|boost
|-unboost|p1a: Milotic|atk|1
|turn|19
|choice|move scald|move voltswitch
|
|move|p2a: Manectric|Volt Switch|p1a: Milotic
|-supereffective|p1a: Milotic
|-crit|p1a: Milotic
|-damage|p1a: Milotic|0 fnt
|faint|p1a: Milotic
|choice||switch 6
|
|switch|p2a: Passimian|Passimian, L79, F|100\/100
|
|upkeep
|choice|switch 5|
|
|switch|p1a: Cresselia|Cresselia, L79, F|100\/100
|turn|20
|choice|move calmmind|move uturn
|
|move|p2a: Passimian|U-turn|p1a: Cresselia
|-supereffective|p1a: Cresselia
|-damage|p1a: Cresselia|72\/100
|choice||switch 5
|
|switch|p2a: Braviary|Braviary, L79, M|75\/100
|move|p1a: Cresselia|Calm Mind|p1a: Cresselia
|-boost|p1a: Cresselia|spa|1
|-boost|p1a: Cresselia|spd|1
|
|-heal|p1a: Cresselia|78\/100|[from] item: Leftovers
|upkeep
|turn|21
|choice|move psyshock|move bravebird
|
|move|p1a: Cresselia|Psyshock|p2a: Braviary
|-damage|p2a: Braviary|37\/100
|move|p2a: Braviary|Brave Bird|p1a: Cresselia
|-crit|p1a: Cresselia
|-damage|p1a: Cresselia|12\/100
|-damage|p2a: Braviary|12\/100|[from] recoil|[of] p1a: Cresselia
|-damage|p2a: Braviary|3\/100|[from] item: Life Orb
|
|-heal|p1a: Cresselia|18\/100|[from] item: Leftovers
|upkeep
|turn|22
|choice|move psyshock|move uturn
|
|move|p1a: Cresselia|Psyshock|p2a: Braviary
|-damage|p2a: Braviary|0 fnt
|faint|p2a: Braviary
|
|-heal|p1a: Cresselia|24\/100|[from] item: Leftovers
|upkeep
|choice||switch 6
|
|switch|p2a: Manectric|Manectric-Mega, L75, F|8\/100
|-ability|p2a: Manectric|Intimidate|boost
|-unboost|p1a: Cresselia|atk|1
|turn|23
|choice|move psyshock|move thunderbolt
|
|move|p2a: Manectric|Thunderbolt|p1a: Cresselia
|-damage|p1a: Cresselia|6\/100
|move|p1a: Cresselia|Psyshock|p2a: Manectric
|-damage|p2a: Manectric|0 fnt
|faint|p2a: Manectric
|
|-heal|p1a: Cresselia|12\/100|[from] item: Leftovers
|upkeep
|choice||switch 5
|
|switch|p2a: Passimian|Passimian, L79, F|100\/100
|turn|24
|choice|move psyshock|move uturn
|
|move|p2a: Passimian|U-turn|p1a: Cresselia
|-supereffective|p1a: Cresselia
|-damage|p1a: Cresselia|0 fnt
|faint|p1a: Cresselia
|choice||switch 2
|
|switch|p2a: Archeops|Archeops, L79, F|100\/100
|
|upkeep
|choice|switch 4|
|
|switch|p1a: Rotom|Rotom-Wash, L75|11\/100
|turn|25
|c|☆Koakuma|Well Seg, I lost
|choice|move thunderbolt|move acrobatics
|
|move|p2a: Archeops|Acrobatics|p1a: Rotom
|-resisted|p1a: Rotom
|-damage|p1a: Rotom|0 fnt
|faint|p1a: Rotom
|
|upkeep
|choice|switch 3|
|
|switch|p1a: Scolipede|Scolipede, L75, M|41\/100
|turn|26
|choice|move swordsdance|move acrobatics
|
|move|p2a: Archeops|Acrobatics|p1a: Scolipede
|-supereffective|p1a: Scolipede
|-damage|p1a: Scolipede|0 fnt
|faint|p1a: Scolipede
|
|upkeep
|c|@Segmr|reveal exodia
|choice|switch 6|
|
|switch|p1a: Raticate|Raticate-Alola, L79, M|100\/100
|turn|27
|c|☆Amythewolfcat|:o
|choice|move suckerpunch|move headsmash
|
|move|p1a: Raticate|Sucker Punch|p2a: Archeops
|-damage|p2a: Archeops|48\/100
|-damage|p1a: Raticate|91\/100|[from] item: Life Orb
|move|p2a: Archeops|Head Smash|p1a: Raticate
|-damage|p1a: Raticate|40\/100
|-damage|p2a: Archeops|22\/100|[from] recoil|[of] p1a: Raticate
|
|upkeep
|turn|28
|choice|move suckerpunch|move acrobatics
|
|move|p1a: Raticate|Sucker Punch|p2a: Archeops|[miss]
|-miss|p1a: Raticate|p2a: Archeops
|move|p2a: Archeops|Acrobatics|p1a: Raticate
|-crit|p1a: Raticate
|-damage|p1a: Raticate|0 fnt
|faint|p1a: Raticate
|
|win|Amythewolfcat
|l|Koakuma
|c|☆Amythewolfcat|gg
|l|Segmr</script>
</div>
<div class="battle-log battle-log-inline"><div class="inner"><div class="chat"><small>Koakuma joined.</small></div><div class="chat"><small>Amythewolfcat joined.</small></div><div style="padding:5px 0"><small>Format:</small> <br><strong>[Gen 7] Random Battle</strong></div><div><small><em>Sleep Clause Mod:</em> Limit one foe put to sleep</small></div><div><small><em>HP Percentage Mod:</em> HP is shown in percentages</small></div><div>Battle between Koakuma and Amythewolfcat started!</div><div class="spacer"></div><div>Go! Milotic!</div><div class="spacer"></div><div>Amythewolfcat sent out Buzzwole!</div><h2>Turn 1</h2><div class="chat chatmessage-amythewolfcat"><strong style="color:hsl(135,69%,32%);"><small>☆</small><span class="username" data-name="Amythewolfcat">Amythewolfcat</span>:</strong> <em>Gl and hf</em></div><div class="spacer"></div><div>Amythewolfcat withdrew Buzzwole!</div><div class="spacer"></div><div>Amythewolfcat sent out Alomomola!</div><div class="spacer"></div><div><span class="battle-nickname" title="Milotic">Milotic</span> used <strong>Scald</strong>!</div><div><small>It's not very effective... </small><small>The opposing <span class="battle-nickname-foe" title="Alomomola">Alomomola</span> lost 16% of its health!</small><br></div><div><small>The opposing <span class="battle-nickname-foe" title="Alomomola">Alomomola</span> was burned!</small></div><div class="spacer"></div><div><small>The opposing <span class="battle-nickname-foe" title="Alomomola">Alomomola</span> restored a little HP using its Leftovers!</small></div><div><small>The opposing <span class="battle-nickname-foe" title="Alomomola">Alomomola</span> was hurt by its burn!</small></div><h2>Turn 2</h2><div class="spacer"></div><div><span class="battle-nickname" title="Milotic">Milotic</span>, come back!</div><div class="spacer"></div><div>Go! <span class="battle-nickname" title="Rotom-Wash">Rotom <small>(Rotom-Wash)</small></span>!</div><div class="spacer"></div><div>The opposing <span class="battle-nickname-foe" title="Alomomola">Alomomola</span> used <strong>Knock Off</strong>!</div><div><small><span class="battle-nickname" title="Rotom-Wash">Rotom</span> lost 12% of its health!</small><br></div><div><small>The opposing <span class="battle-nickname-foe" title="Alomomola">Alomomola</span> knocked off <span class="battle-nickname" title="Rotom-Wash">Rotom</span>'s Choice Scarf!</small></div><div class="spacer"></div><div><small>The opposing <span class="battle-nickname-foe" title="Alomomola">Alomomola</span> restored a little HP using its Leftovers!</small></div><div><small>The opposing <span class="battle-nickname-foe" title="Alomomola">Alomomola</span> was hurt by its burn!</small></div><h2>Turn 3</h2><div class="spacer"></div><div><span class="battle-nickname" title="Rotom-Wash">Rotom</span> used <strong>Thunderbolt</strong>!</div><div><small>It's super effective! </small><small>The opposing <span class="battle-nickname-foe" title="Alomomola">Alomomola</span> lost 78% of its health!</small><br></div><div class="spacer"></div><div>The opposing <span class="battle-nickname-foe" title="Alomomola">Alomomola</span> used <strong>Wish</strong>!</div><div class="spacer"></div><div><small>The opposing <span class="battle-nickname-foe" title="Alomomola">Alomomola</span> restored a little HP using its Leftovers!</small></div><div><small>The opposing <span class="battle-nickname-foe" title="Alomomola">Alomomola</span> was hurt by its burn!</small></div><h2>Turn 4</h2><div class="chat"><small>Segmr joined.</small></div><div class="chat"><small>16bit joined.</small></div><div class="spacer"></div><div>The opposing <span class="battle-nickname-foe" title="Alomomola">Alomomola</span> used <strong>Protect</strong>!</div><div><small>The opposing <span class="battle-nickname-foe" title="Alomomola">Alomomola</span> protected itself!</small></div><div class="spacer"></div><div><span class="battle-nickname" title="Rotom-Wash">Rotom</span> used <strong>Volt Switch</strong>!</div><div><small>The opposing <span class="battle-nickname-foe" title="Alomomola">Alomomola</span> protected itself!</small></div><div class="spacer"></div><div><small>Alomomola's wish came true!</small></div><div><small>The opposing <span class="battle-nickname-foe" title="Alomomola">Alomomola</span> restored a little HP using its Leftovers!</small></div><div><small>The opposing <span class="battle-nickname-foe" title="Alomomola">Alomomola</span> was hurt by its burn!</small></div><h2>Turn 5</h2><div class="spacer"></div><div><span class="battle-nickname" title="Rotom-Wash">Rotom</span> used <strong>Thunderbolt</strong>!</div><div><small>It's super effective! </small><small>The opposing <span class="battle-nickname-foe" title="Alomomola">Alomomola</span> lost 56% of its health!</small><br></div><div class="spacer"></div><div>The opposing <span class="battle-nickname-foe" title="Alomomola">Alomomola</span> fainted!</div><div class="spacer"></div><div>Amythewolfcat sent out Passimian!</div><h2>Turn 6</h2><div class="spacer"></div><div>The opposing <span class="battle-nickname-foe" title="Passimian">Passimian</span> used <strong>U-turn</strong>!</div><div><small><span class="battle-nickname" title="Rotom-Wash">Rotom</span> lost 27% of its health!</small><br></div><div class="spacer"></div><div>The opposing <span class="battle-nickname-foe" title="Passimian">Passimian</span> went back to Amythewolfcat!</div><div class="spacer"></div><div>Amythewolfcat sent out Manectric!</div><div class="spacer"></div><div><span class="battle-nickname" title="Rotom-Wash">Rotom</span> used <strong>Hydro Pump</strong>!</div><div><small>The opposing <span class="battle-nickname-foe" title="Manectric">Manectric</span> avoided the attack!</small></div><h2>Turn 7</h2><div class="spacer"></div><div><small>The opposing <span class="battle-nickname-foe" title="Manectric-Mega">Manectric</span>'s Manectite is reacting to Amythewolfcat's Mega Bracelet!<br>The opposing <span class="battle-nickname-foe" title="Manectric-Mega">Manectric</span> has Mega Evolved into Mega Manectric!</small></div><div><small>[Opposing <span class="battle-nickname-foe" title="Manectric-Mega">Manectric</span>'s Intimidate!]</small></div><div><small><span class="battle-nickname" title="Rotom-Wash">Rotom</span>'s Attack fell! </small></div><div class="spacer"></div><div>The opposing <span class="battle-nickname-foe" title="Manectric-Mega">Manectric</span> used <strong>Thunderbolt</strong>!</div><div><small><span class="battle-nickname" title="Rotom-Wash">Rotom</span> lost 50% of its health!</small><br></div><div class="spacer"></div><div><span class="battle-nickname" title="Rotom-Wash">Rotom</span> used <strong>Hydro Pump</strong>!</div><div><small>The opposing <span class="battle-nickname-foe" title="Manectric-Mega">Manectric</span> lost 55% of its health!</small><br></div><h2>Turn 8</h2><div class="spacer"></div><div><span class="battle-nickname" title="Rotom-Wash">Rotom</span>, come back!</div><div class="spacer"></div><div>Go! Volbeat!</div><div class="spacer"></div><div>The opposing <span class="battle-nickname-foe" title="Manectric-Mega">Manectric</span> used <strong>Volt Switch</strong>!</div><div><small><span class="battle-nickname" title="Volbeat">Volbeat</span> lost 38% of its health!</small><br></div><div class="spacer"></div><div>The opposing <span class="battle-nickname-foe" title="Manectric-Mega">Manectric</span> went back to Amythewolfcat!</div><div class="spacer"></div><div>Amythewolfcat sent out Braviary!</div><div class="spacer"></div><div><small><span class="battle-nickname" title="Volbeat">Volbeat</span> restored a little HP using its Leftovers!</small></div><h2>Turn 9</h2><div class="spacer"></div><div><span class="battle-nickname" title="Volbeat">Volbeat</span> used <strong>Substitute</strong>!</div><div><small><span class="battle-nickname" title="Volbeat">Volbeat</span> put in a substitute!</small></div><div><small><span class="battle-nickname" title="Volbeat">Volbeat</span> lost 25% of its health!</small><br></div><div class="spacer"></div><div>The opposing <span class="battle-nickname-foe" title="Braviary">Braviary</span> used <strong>Brave Bird</strong>!</div><div><small>It's super effective! <span class="battle-nickname" title="Volbeat">Volbeat</span>'s substitute faded!</small></div><div><small>The opposing <span class="battle-nickname-foe" title="Braviary">Braviary</span> is damaged by the recoil!</small></div><div><small>The opposing <span class="battle-nickname-foe" title="Braviary">Braviary</span> lost some of its HP!</small></div><div class="spacer"></div><div><small><span class="battle-nickname" title="Volbeat">Volbeat</span> restored a little HP using its Leftovers!</small></div><h2>Turn 10</h2><div class="spacer"></div><div><span class="battle-nickname" title="Volbeat">Volbeat</span> used <strong>Substitute</strong>!</div><div><small><span class="battle-nickname" title="Volbeat">Volbeat</span> put in a substitute!</small></div><div><small><span class="battle-nickname" title="Volbeat">Volbeat</span> lost 25% of its health!</small><br></div><div class="spacer"></div><div>The opposing <span class="battle-nickname-foe" title="Braviary">Braviary</span> used <strong>U-turn</strong>!</div><div><small><span class="battle-nickname" title="Volbeat">Volbeat</span>'s substitute faded!</small></div><div><small>The opposing <span class="battle-nickname-foe" title="Braviary">Braviary</span> lost some of its HP!</small></div><div class="chat chatmessage-segmr"><strong style="color:hsl(292,34%,48%);"><small>@</small><span class="username" data-name="Segmr">Segmr</span>:</strong> <em>brib</em></div><div class="spacer"></div><div>The opposing <span class="battle-nickname-foe" title="Braviary">Braviary</span> went back to Amythewolfcat!</div><div class="spacer"></div><div>Amythewolfcat sent out Buzzwole!</div><div class="spacer"></div><div><small><span class="battle-nickname" title="Volbeat">Volbeat</span> restored a little HP using its Leftovers!</small></div><h2>Turn 11</h2><div class="spacer"></div><div><span class="battle-nickname" title="Volbeat">Volbeat</span> used <strong>Substitute</strong>!</div><div><small><span class="battle-nickname" title="Volbeat">Volbeat</span> put in a substitute!</small></div><div><small><span class="battle-nickname" title="Volbeat">Volbeat</span> lost 25% of its health!</small><br></div><div class="spacer"></div><div>The opposing <span class="battle-nickname-foe" title="Buzzwole">Buzzwole</span> used <strong>Leech Life</strong>!</div><div><small><span class="battle-nickname" title="Volbeat">Volbeat</span>'s substitute faded!</small></div><div class="spacer"></div><div><small><span class="battle-nickname" title="Volbeat">Volbeat</span> restored a little HP using its Leftovers!</small></div><h2>Turn 12</h2><div class="spacer"></div><div>Amythewolfcat withdrew Buzzwole!</div><div class="spacer"></div><div>Amythewolfcat sent out Passimian!</div><div class="spacer"></div><div><span class="battle-nickname" title="Volbeat">Volbeat</span>, come back!</div><div class="spacer"></div><div>Go! Scolipede!</div><h2>Turn 13</h2><div class="spacer"></div><div>The opposing <span class="battle-nickname-foe" title="Passimian">Passimian</span> used <strong>Rock Tomb</strong>!</div><div><small>It's super effective! A critical hit! </small><small><span class="battle-nickname" title="Scolipede">Scolipede</span> lost 65% of its health!</small><br></div><div><small><span class="battle-nickname" title="Scolipede">Scolipede</span>'s Speed fell! </small></div><div class="spacer"></div><div><span class="battle-nickname" title="Scolipede">Scolipede</span> used <strong>Swords Dance</strong>!</div><div><small><span class="battle-nickname" title="Scolipede">Scolipede</span>'s Attack rose sharply! </small></div><div class="spacer"></div><div><small><span class="battle-nickname" title="Scolipede">Scolipede</span> restored a little HP using its Black Sludge!</small></div><div><small>[<span class="battle-nickname" title="Scolipede">Scolipede</span>'s Speed Boost!]</small></div><div><small><span class="battle-nickname" title="Scolipede">Scolipede</span>'s Speed rose! </small></div><h2>Turn 14</h2><div class="spacer"></div><div><span class="battle-nickname" title="Scolipede">Scolipede</span>, come back!</div><div class="spacer"></div><div>Go! Volbeat!</div><div class="spacer"></div><div>The opposing <span class="battle-nickname-foe" title="Passimian">Passimian</span> used <strong>Rock Tomb</strong>!</div><div><small>It's super effective! A critical hit! </small><small><span class="battle-nickname" title="Volbeat">Volbeat</span> lost 11% of its health!</small><br></div><div class="spacer"></div><div><span class="battle-nickname" title="Volbeat">Volbeat</span> fainted!</div><div class="spacer"></div><div>Go! Milotic!</div><h2>Turn 15</h2><div class="spacer"></div><div>Amythewolfcat withdrew Passimian!</div><div class="spacer"></div><div>Amythewolfcat sent out <span class="battle-nickname-foe" title="Manectric-Mega">Manectric <small>(Manectric-Mega)</small></span>!</div><div><small>[Opposing <span class="battle-nickname-foe" title="Manectric-Mega">Manectric</span>'s Intimidate!]</small></div><div><small><span class="battle-nickname" title="Milotic">Milotic</span>'s Attack fell! </small></div><div class="spacer"></div><div><span class="battle-nickname" title="Milotic">Milotic</span> used <strong>Scald</strong>!</div><div><small>The opposing <span class="battle-nickname-foe" title="Manectric-Mega">Manectric</span> lost 37% of its health!</small><br></div><h2>Turn 16</h2><div class="spacer"></div><div>The opposing <span class="battle-nickname-foe" title="Manectric-Mega">Manectric</span> used <strong>Volt Switch</strong>!</div><div><small>It's super effective! </small><small><span class="battle-nickname" title="Milotic">Milotic</span> lost 42% of its health!</small><br></div><div class="spacer"></div><div>The opposing <span class="battle-nickname-foe" title="Manectric-Mega">Manectric</span> went back to Amythewolfcat!</div><div class="spacer"></div><div>Amythewolfcat sent out Buzzwole!</div><div class="spacer"></div><div><span class="battle-nickname" title="Milotic">Milotic</span> used <strong>Scald</strong>!</div><div><small>The opposing <span class="battle-nickname-foe" title="Buzzwole">Buzzwole</span> lost 41% of its health!</small><br></div><div class="spacer"></div><div><small><span class="battle-nickname" title="Milotic">Milotic</span> restored a little HP using its Leftovers!</small></div><h2>Turn 17</h2><div class="spacer"></div><div>The opposing <span class="battle-nickname-foe" title="Buzzwole">Buzzwole</span> used <strong>Poison Jab</strong>!</div><div><small><span class="battle-nickname" title="Milotic">Milotic</span> lost 24% of its health!</small><br></div><div class="spacer"></div><div><span class="battle-nickname" title="Milotic">Milotic</span> used <strong>Scald</strong>!</div><div><small>The opposing <span class="battle-nickname-foe" title="Buzzwole">Buzzwole</span> lost 47% of its health!</small><br></div><div class="spacer"></div><div><small><span class="battle-nickname" title="Milotic">Milotic</span> restored a little HP using its Leftovers!</small></div><h2>Turn 18</h2><div class="spacer"></div><div>The opposing <span class="battle-nickname-foe" title="Buzzwole">Buzzwole</span> used <strong>Poison Jab</strong>!</div><div><small><span class="battle-nickname" title="Milotic">Milotic</span> lost 24% of its health!</small><br></div><div class="spacer"></div><div><span class="battle-nickname" title="Milotic">Milotic</span> used <strong>Scald</strong>!</div><div><small>The opposing <span class="battle-nickname-foe" title="Buzzwole">Buzzwole</span> lost 12% of its health!</small><br></div><div class="spacer"></div><div>The opposing <span class="battle-nickname-foe" title="Buzzwole">Buzzwole</span> fainted!</div><div class="spacer"></div><div><small><span class="battle-nickname" title="Milotic">Milotic</span> restored a little HP using its Leftovers!</small></div><div class="spacer"></div><div>Amythewolfcat sent out <span class="battle-nickname-foe" title="Manectric-Mega">Manectric <small>(Manectric-Mega)</small></span>!</div><div><small>[Opposing <span class="battle-nickname-foe" title="Manectric-Mega">Manectric</span>'s Intimidate!]</small></div><div><small><span class="battle-nickname" title="Milotic">Milotic</span>'s Attack fell! </small></div><h2>Turn 19</h2><div class="spacer"></div><div>The opposing <span class="battle-nickname-foe" title="Manectric-Mega">Manectric</span> used <strong>Volt Switch</strong>!</div><div><small>It's super effective! A critical hit! </small><small><span class="battle-nickname" title="Milotic">Milotic</span> lost 28% of its health!</small><br></div><div class="spacer"></div><div><span class="battle-nickname" title="Milotic">Milotic</span> fainted!</div><div class="spacer"></div><div>The opposing <span class="battle-nickname-foe" title="Manectric-Mega">Manectric</span> went back to Amythewolfcat!</div><div class="spacer"></div><div>Amythewolfcat sent out Passimian!</div><div class="spacer"></div><div>Go! Cresselia!</div><h2>Turn 20</h2><div class="spacer"></div><div>The opposing <span class="battle-nickname-foe" title="Passimian">Passimian</span> used <strong>U-turn</strong>!</div><div><small>It's super effective! </small><small><span class="battle-nickname" title="Cresselia">Cresselia</span> lost 28% of its health!</small><br></div><div class="spacer"></div><div>The opposing <span class="battle-nickname-foe" title="Passimian">Passimian</span> went back to Amythewolfcat!</div><div class="spacer"></div><div>Amythewolfcat sent out Braviary!</div><div class="spacer"></div><div><span class="battle-nickname" title="Cresselia">Cresselia</span> used <strong>Calm Mind</strong>!</div><div><small><span class="battle-nickname" title="Cresselia">Cresselia</span>'s Special Attack rose! <span class="battle-nickname" title="Cresselia">Cresselia</span>'s Special Defense rose! </small></div><div class="spacer"></div><div><small><span class="battle-nickname" title="Cresselia">Cresselia</span> restored a little HP using its Leftovers!</small></div><h2>Turn 21</h2><div class="spacer"></div><div><span class="battle-nickname" title="Cresselia">Cresselia</span> used <strong>Psyshock</strong>!</div><div><small>The opposing <span class="battle-nickname-foe" title="Braviary">Braviary</span> lost 38% of its health!</small><br></div><div class="spacer"></div><div>The opposing <span class="battle-nickname-foe" title="Braviary">Braviary</span> used <strong>Brave Bird</strong>!</div><div><small>A critical hit! </small><small><span class="battle-nickname" title="Cresselia">Cresselia</span> lost 66% of its health!</small><br></div><div><small>The opposing <span class="battle-nickname-foe" title="Braviary">Braviary</span> is damaged by the recoil!</small></div><div><small>The opposing <span class="battle-nickname-foe" title="Braviary">Braviary</span> lost some of its HP!</small></div><div class="spacer"></div><div><small><span class="battle-nickname" title="Cresselia">Cresselia</span> restored a little HP using its Leftovers!</small></div><h2>Turn 22</h2><div class="spacer"></div><div><span class="battle-nickname" title="Cresselia">Cresselia</span> used <strong>Psyshock</strong>!</div><div><small>The opposing <span class="battle-nickname-foe" title="Braviary">Braviary</span> lost 3% of its health!</small><br></div><div class="spacer"></div><div>The opposing <span class="battle-nickname-foe" title="Braviary">Braviary</span> fainted!</div><div class="spacer"></div><div><small><span class="battle-nickname" title="Cresselia">Cresselia</span> restored a little HP using its Leftovers!</small></div><div class="spacer"></div><div>Amythewolfcat sent out <span class="battle-nickname-foe" title="Manectric-Mega">Manectric <small>(Manectric-Mega)</small></span>!</div><div><small>[Opposing <span class="battle-nickname-foe" title="Manectric-Mega">Manectric</span>'s Intimidate!]</small></div><div><small><span class="battle-nickname" title="Cresselia">Cresselia</span>'s Attack fell! </small></div><h2>Turn 23</h2><div class="spacer"></div><div>The opposing <span class="battle-nickname-foe" title="Manectric-Mega">Manectric</span> used <strong>Thunderbolt</strong>!</div><div><small><span class="battle-nickname" title="Cresselia">Cresselia</span> lost 18% of its health!</small><br></div><div class="spacer"></div><div><span class="battle-nickname" title="Cresselia">Cresselia</span> used <strong>Psyshock</strong>!</div><div><small>The opposing <span class="battle-nickname-foe" title="Manectric-Mega">Manectric</span> lost 8% of its health!</small><br></div><div class="spacer"></div><div>The opposing <span class="battle-nickname-foe" title="Manectric-Mega">Manectric</span> fainted!</div><div class="spacer"></div><div><small><span class="battle-nickname" title="Cresselia">Cresselia</span> restored a little HP using its Leftovers!</small></div><div class="spacer"></div><div>Amythewolfcat sent out Passimian!</div><h2>Turn 24</h2><div class="spacer"></div><div>The opposing <span class="battle-nickname-foe" title="Passimian">Passimian</span> used <strong>U-turn</strong>!</div><div><small>It's super effective! </small><small><span class="battle-nickname" title="Cresselia">Cresselia</span> lost 12% of its health!</small><br></div><div class="spacer"></div><div><span class="battle-nickname" title="Cresselia">Cresselia</span> fainted!</div><div class="spacer"></div><div>The opposing <span class="battle-nickname-foe" title="Passimian">Passimian</span> went back to Amythewolfcat!</div><div class="spacer"></div><div>Amythewolfcat sent out Archeops!</div><div class="spacer"></div><div>Go! <span class="battle-nickname" title="Rotom-Wash">Rotom <small>(Rotom-Wash)</small></span>!</div><h2>Turn 25</h2><div class="chat chatmessage-koakuma"><strong style="color:hsl(294,36.6508232%,45.3491768%);"><small>☆</small><span class="username" data-name="Koakuma">Koakuma</span>:</strong> <em>Well Seg, I lost</em></div><div class="spacer"></div><div>The opposing <span class="battle-nickname-foe" title="Archeops">Archeops</span> used <strong>Acrobatics</strong>!</div><div><small>It's not very effective... </small><small><span class="battle-nickname" title="Rotom-Wash">Rotom</span> lost 11% of its health!</small><br></div><div class="spacer"></div><div><span class="battle-nickname" title="Rotom-Wash">Rotom</span> fainted!</div><div class="spacer"></div><div>Go! Scolipede!</div><h2>Turn 26</h2><div class="spacer"></div><div>The opposing <span class="battle-nickname-foe" title="Archeops">Archeops</span> used <strong>Acrobatics</strong>!</div><div><small>It's super effective! </small><small><span class="battle-nickname" title="Scolipede">Scolipede</span> lost 41% of its health!</small><br></div><div class="spacer"></div><div><span class="battle-nickname" title="Scolipede">Scolipede</span> fainted!</div><div class="chat chatmessage-segmr"><strong style="color:hsl(292,34%,48%);"><small>@</small><span class="username" data-name="Segmr">Segmr</span>:</strong> <em>reveal exodia</em></div><div class="spacer"></div><div>Go! <span class="battle-nickname" title="Raticate-Alola">Raticate <small>(Raticate-Alola)</small></span>!</div><h2>Turn 27</h2><div class="chat chatmessage-amythewolfcat"><strong style="color:hsl(135,69%,32%);"><small>☆</small><span class="username" data-name="Amythewolfcat">Amythewolfcat</span>:</strong> <em>:o</em></div><div class="spacer"></div><div><span class="battle-nickname" title="Raticate-Alola">Raticate</span> used <strong>Sucker Punch</strong>!</div><div><small>The opposing <span class="battle-nickname-foe" title="Archeops">Archeops</span> lost 52% of its health!</small><br></div><div><small><span class="battle-nickname" title="Raticate-Alola">Raticate</span> lost some of its HP!</small></div><div class="spacer"></div><div>The opposing <span class="battle-nickname-foe" title="Archeops">Archeops</span> used <strong>Head Smash</strong>!</div><div><small><span class="battle-nickname" title="Raticate-Alola">Raticate</span> lost 51% of its health!</small><br></div><div><small>The opposing <span class="battle-nickname-foe" title="Archeops">Archeops</span> is damaged by the recoil!</small></div><h2>Turn 28</h2><div class="spacer"></div><div><span class="battle-nickname" title="Raticate-Alola">Raticate</span> used <strong>Sucker Punch</strong>!</div><div><small>The opposing <span class="battle-nickname-foe" title="Archeops">Archeops</span> avoided the attack!</small></div><div class="spacer"></div><div>The opposing <span class="battle-nickname-foe" title="Archeops">Archeops</span> used <strong>Acrobatics</strong>!</div><div><small>A critical hit! </small><small><span class="battle-nickname" title="Raticate-Alola">Raticate</span> lost 40% of its health!</small><br></div><div class="spacer"></div><div><span class="battle-nickname" title="Raticate-Alola">Raticate</span> fainted!</div><div class="spacer"></div><div>Amythewolfcat won the battle!</div><div class="chat"><small>Koakuma left.</small></div><div class="chat chatmessage-amythewolfcat"><strong style="color:hsl(135,69%,32%);"><small>☆</small><span class="username" data-name="Amythewolfcat">Amythewolfcat</span>:</strong> <em>gg</em></div><div class="chat"><small>Segmr left.</small></div></div></div>
</div>
<script>
var daily = Math.floor(Date.now()/1000/60/60/24);document.write('<script src="https://play.pokemonshowdown.com/js/replay-embed.js?version'+daily+'"></'+'script>');
</script>
