<!DOCTYPE html>
<meta charset="utf-8" />
<!-- version 1 -->
<title>[Gen 7] Random Battle replay: aaditmshah vs. Yeon1211</title>
<style>
html,body {font-family:Verdana, sans-serif;font-size:10pt;margin:0;padding:0;}body{padding:12px 0;} .battle-log {font-family:Verdana, sans-serif;font-size:10pt;} .battle-log-inline {border:1px solid #AAAAAA;background:#EEF2F5;color:black;max-width:640px;margin:0 auto 80px;padding-bottom:5px;} .battle-log .inner {padding:4px 8px 0px 8px;} .battle-log .inner-preempt {padding:0 8px 4px 8px;} .battle-log .inner-after {margin-top:0.5em;} .battle-log h2 {margin:0.5em -8px;padding:4px 8px;border:1px solid #AAAAAA;background:#E0E7EA;border-left:0;border-right:0;font-family:Verdana, sans-serif;font-size:13pt;} .battle-log .chat {vertical-align:middle;padding:3px 0 3px 0;font-size:8pt;} .battle-log .chat strong {color:#40576A;} .battle-log .chat em {padding:1px 4px 1px 3px;color:#000000;font-style:normal;} .chat.mine {background:rgba(0,0,0,0.05);margin-left:-8px;margin-right:-8px;padding-left:8px;padding-right:8px;} .spoiler {color:#BBBBBB;background:#BBBBBB;padding:0px 3px;} .spoiler:hover, .spoiler:active, .spoiler-shown {color:#000000;background:#E2E2E2;padding:0px 3px;} .spoiler a {color:#BBBBBB;} .spoiler:hover a, .spoiler:active a, .spoiler-shown a {color:#2288CC;} .chat code, .chat .spoiler:hover code, .chat .spoiler:active code, .chat .spoiler-shown code {border:1px solid #C0C0C0;background:#EEEEEE;color:black;padding:0 2px;} .chat .spoiler code {border:1px solid #CCCCCC;background:#CCCCCC;color:#CCCCCC;} .battle-log .rated {padding:3px 4px;} .battle-log .rated strong {color:white;background:#89A;padding:1px 4px;border-radius:4px;} .spacer {margin-top:0.5em;} .message-announce {background:#6688AA;color:white;padding:1px 4px 2px;} .message-announce a, .broadcast-green a, .broadcast-blue a, .broadcast-red a {color:#DDEEFF;} .broadcast-green {background-color:#559955;color:white;padding:2px 4px;} .broadcast-blue {background-color:#6688AA;color:white;padding:2px 4px;} .infobox {border:1px solid #6688AA;padding:2px 4px;} .infobox-limited {max-height:200px;overflow:auto;overflow-x:hidden;} .broadcast-red {background-color:#AA5544;color:white;padding:2px 4px;} .message-learn-canlearn {font-weight:bold;color:#228822;text-decoration:underline;} .message-learn-cannotlearn {font-weight:bold;color:#CC2222;text-decoration:underline;} .message-effect-weak {font-weight:bold;color:#CC2222;} .message-effect-resist {font-weight:bold;color:#6688AA;} .message-effect-immune {font-weight:bold;color:#666666;} .message-learn-list {margin-top:0;margin-bottom:0;} .message-throttle-notice, .message-error {color:#992222;} .message-overflow, .chat small.message-overflow {font-size:0pt;} .message-overflow::before {font-size:9pt;content:'...';} .subtle {color:#3A4A66;}
</style>
<div class="wrapper replay-wrapper" style="max-width:1180px;margin:0 auto">
<input type="hidden" name="replayid" value="gen7randombattle-566568420" />
<div class="battle"></div><div class="battle-log"></div><div class="replay-controls"></div><div class="replay-controls-2"></div>
<h1 style="font-weight:normal;text-align:center"><strong>[Gen 7] Random Battle</strong><br /><a href="http://pokemonshowdown.com/users/aaditmshah" class="subtle" target="_blank">aaditmshah</a> vs. <a href="http://pokemonshowdown.com/users/yeon1211" class="subtle" target="_blank">Yeon1211</a></h1>
<script type="text/plain" class="battle-log-data">|j|aaditmshah
|j|Yeon1211
|player|p1|aaditmshah|101
|player|p2|Yeon1211|102
|gametype|singles
|gen|7
|tier|[Gen 7] Random Battle
|rated
|seed|64516,50685,350,6928,57983,21776,10560,62576,20621,56046,26756,52570
|rule|Sleep Clause Mod: Limit one foe put to sleep
|rule|HP Percentage Mod: HP is shown in percentages
|
|start
|switch|p1a: Togekiss|Togekiss, L77, M|100\/100
|switch|p2a: Palossand|Palossand, L79, M|100\/100
|turn|1
|choice|move nastyplot|move shadowball
|
|move|p1a: Togekiss|Nasty Plot|p1a: Togekiss
|-boost|p1a: Togekiss|spa|2
|move|p2a: Palossand|Shadow Ball|p1a: Togekiss
|-damage|p1a: Togekiss|72\/100
|
|-heal|p1a: Togekiss|78\/100|[from] item: Leftovers
|upkeep
|turn|2
|choice|move airslash|move protect
|
|move|p2a: Palossand|Protect|p2a: Palossand
|-singleturn|p2a: Palossand|Protect
|move|p1a: Togekiss|Air Slash|p2a: Palossand
|-activate|p2a: Palossand|move: Protect
|
|-heal|p1a: Togekiss|85\/100|[from] item: Leftovers
|upkeep
|turn|3
|choice|move airslash|move shadowball
|
|move|p1a: Togekiss|Air Slash|p2a: Palossand
|-damage|p2a: Palossand|29\/100
|move|p2a: Palossand|Shadow Ball|p1a: Togekiss
|-damage|p1a: Togekiss|57\/100
|
|-heal|p1a: Togekiss|64\/100|[from] item: Leftovers
|-heal|p2a: Palossand|35\/100|[from] item: Leftovers
|upkeep
|turn|4
|choice|move roost|switch 2
|
|switch|p2a: Bronzong|Bronzong, L79|100\/100
|move|p1a: Togekiss|Roost|p1a: Togekiss
|-heal|p1a: Togekiss|100\/100
|
|upkeep
|turn|5
|choice|move aurasphere|move toxic
|
|move|p1a: Togekiss|Aura Sphere|p2a: Bronzong
|-damage|p2a: Bronzong|59\/100
|move|p2a: Bronzong|Toxic|p1a: Togekiss
|-status|p1a: Togekiss|tox
|
|-damage|p1a: Togekiss|94\/100 tox|[from] psn
|upkeep
|turn|6
|choice|move aurasphere|move lightscreen
|
|move|p1a: Togekiss|Aura Sphere|p2a: Bronzong
|-damage|p2a: Bronzong|20\/100
|move|p2a: Bronzong|Light Screen|p2a: Bronzong
|-sidestart|p2: Yeon1211|move: Light Screen
|
|-heal|p1a: Togekiss|100\/100 tox|[from] item: Leftovers
|-damage|p1a: Togekiss|88\/100 tox|[from] psn
|upkeep
|turn|7
|choice|switch 5|move gyroball
|
|switch|p1a: Magmortar|Magmortar, L79, F|100\/100
|move|p2a: Bronzong|Gyro Ball|p1a: Magmortar
|-resisted|p1a: Magmortar
|-damage|p1a: Magmortar|82\/100
|
|upkeep
|turn|8
|choice|move fireblast|move earthquake
|
|move|p1a: Magmortar|Fire Blast|p2a: Bronzong
|-supereffective|p2a: Bronzong
|-damage|p2a: Bronzong|0 fnt
|faint|p2a: Bronzong
|
|upkeep
|choice||switch 2
|
|switch|p2a: Palossand|Palossand, L79, M|35\/100
|turn|9
|choice|switch 5|move shoreup
|
|switch|p1a: Togekiss|Togekiss, L77, M|88\/100 tox
|move|p2a: Palossand|Shore Up|p2a: Palossand
|-heal|p2a: Palossand|85\/100
|
|-heal|p1a: Togekiss|94\/100 tox|[from] item: Leftovers
|-heal|p2a: Palossand|91\/100|[from] item: Leftovers
|-damage|p1a: Togekiss|88\/100 tox|[from] psn
|upkeep
|turn|10
|choice|move nastyplot|switch 3
|
|switch|p2a: Raticate|Raticate-Alola, L79, F|100\/100
|move|p1a: Togekiss|Nasty Plot|p1a: Togekiss
|-boost|p1a: Togekiss|spa|2
|
|-heal|p1a: Togekiss|94\/100 tox|[from] item: Leftovers
|-damage|p1a: Togekiss|82\/100 tox|[from] psn
|upkeep
|turn|11
|choice|move aurasphere|move swordsdance
|
|move|p1a: Togekiss|Aura Sphere|p2a: Raticate
|-supereffective|p2a: Raticate
|-crit|p2a: Raticate
|-damage|p2a: Raticate|0 fnt
|faint|p2a: Raticate
|
|-heal|p1a: Togekiss|88\/100 tox|[from] item: Leftovers
|-damage|p1a: Togekiss|69\/100 tox|[from] psn
|upkeep
|choice||switch 4
|
|switch|p2a: Electivire|Electivire, L79, M|100\/100
|turn|12
|choice|switch 2|move wildcharge
|
|switch|p1a: Plusle|Plusle, L79, M|100\/100
|-item|p1a: Plusle|Air Balloon
|move|p2a: Electivire|Wild Charge|p1a: Plusle
|-ability|p1a: Plusle|Lightning Rod|boost
|-boost|p1a: Plusle|spa|1
|
|upkeep
|turn|13
|choice|move encore|switch 5
|
|switch|p2a: Lurantis|Lurantis, L79, F|100\/100
|move|p1a: Plusle|Encore|p2a: Lurantis
|-fail|p2a: Lurantis
|
|-sideend|p2: Yeon1211|move: Light Screen
|upkeep
|turn|14
|choice|move batonpass|move gigadrain
|
|move|p1a: Plusle|Baton Pass|p1a: Plusle
|choice|switch 5|
|
|switch|p1a: Magmortar|Magmortar, L79, F|82\/100
|move|p2a: Lurantis|Giga Drain|p1a: Magmortar
|-resisted|p1a: Magmortar
|-damage|p1a: Magmortar|66\/100
|-damage|p2a: Lurantis|90\/100|[from] item: Life Orb
|
|upkeep
|turn|15
|choice|move fireblast|switch 3
|
|switch|p2a: Palossand|Palossand, L79, M|91\/100
|move|p1a: Magmortar|Fire Blast|p2a: Palossand
|-damage|p2a: Palossand|11\/100
|
|-heal|p2a: Palossand|18\/100|[from] item: Leftovers
|upkeep
|turn|16
|choice|move hiddenpower|move earthpower
|
|move|p1a: Magmortar|Hidden Power|p2a: Palossand
|-supereffective|p2a: Palossand
|-damage|p2a: Palossand|0 fnt
|faint|p2a: Palossand
|
|upkeep
|choice||switch 5
|
|switch|p2a: Electivire|Electivire, L79, M|100\/100
|turn|17
|choice|switch 4|move earthquake
|
|switch|p1a: Rayquaza|Rayquaza, L73|100\/100
|-ability|p1a: Rayquaza|Air Lock
|move|p2a: Electivire|Earthquake|p1a: Rayquaza
|-immune|p1a: Rayquaza|[msg]
|
|upkeep
|turn|18
|choice|move dragondance|switch 3
|
|switch|p2a: Lurantis|Lurantis, L79, F|90\/100
|move|p1a: Rayquaza|Dragon Dance|p1a: Rayquaza
|-boost|p1a: Rayquaza|atk|1
|-boost|p1a: Rayquaza|spe|1
|
|upkeep
|turn|19
|choice|move outrage|move hiddenpower
|
|move|p1a: Rayquaza|Outrage|p2a: Lurantis
|-damage|p2a: Lurantis|0 fnt
|faint|p2a: Lurantis
|
|upkeep
|choice||switch 6
|
|switch|p2a: Tapu Bulu|Tapu Bulu, L75|100\/100
|-fieldstart|move: Grassy Terrain|[from] ability: Grassy Surge|[of] p2a: Tapu Bulu
|turn|20
|choice|move outrage|move bulkup
|
|move|p1a: Rayquaza|Outrage|p2a: Tapu Bulu|[from]lockedmove
|-immune|p2a: Tapu Bulu|[msg]
|-start|p1a: Rayquaza|confusion|[fatigue]
|-enditem|p1a: Rayquaza|Lum Berry|[eat]
|-end|p1a: Rayquaza|confusion
|move|p2a: Tapu Bulu|Bulk Up|p2a: Tapu Bulu
|-boost|p2a: Tapu Bulu|atk|1
|-boost|p2a: Tapu Bulu|def|1
|
|upkeep
|turn|21
|choice|switch 2|switch 3
|
|switch|p1a: Togekiss|Togekiss, L77, M|69\/100 tox
|switch|p2a: Electivire|Electivire, L79, M|100\/100
|
|-heal|p1a: Togekiss|76\/100 tox|[from] item: Leftovers
|-damage|p1a: Togekiss|69\/100 tox|[from] psn
|upkeep
|turn|22
|choice|switch 5|move icepunch
|
|switch|p1a: Plusle|Plusle, L79, M|100\/100
|-item|p1a: Plusle|Air Balloon
|move|p2a: Electivire|Ice Punch|p1a: Plusle
|-damage|p1a: Plusle|30\/100
|-enditem|p1a: Plusle|Air Balloon
|
|-heal|p1a: Plusle|36\/100|[from] Grassy Terrain
|upkeep
|turn|23
|choice|move encore|move icepunch
|
|move|p1a: Plusle|Encore|p2a: Electivire
|-start|p2a: Electivire|Encore
|move|p2a: Electivire|Ice Punch|p1a: Plusle
|-damage|p1a: Plusle|0 fnt
|faint|p1a: Plusle
|
|upkeep
|choice|switch 3|
|
|switch|p1a: Primeape|Primeape, L79, M|100\/100
|turn|24
|choice|move gunkshot|switch 3
|
|switch|p2a: Tapu Bulu|Tapu Bulu, L75|100\/100
|move|p1a: Primeape|Gunk Shot|p2a: Tapu Bulu
|-supereffective|p2a: Tapu Bulu
|-damage|p2a: Tapu Bulu|0 fnt
|faint|p2a: Tapu Bulu
|
|-fieldend|move: Grassy Terrain
|upkeep
|-message|Yeon1211 forfeited.
|
|win|aaditmshah
|l|Yeon1211
|raw|aaditmshah's rating: 1190 &rarr; <strong>1210<\/strong><br \/>(+20 for winning)
|raw|Yeon1211's rating: 1123 &rarr; <strong>1103<\/strong><br \/>(-20 for losing)</script>
</div>
<div class="battle-log battle-log-inline"><div class="inner"><div class="chat"><small>aaditmshah joined.</small></div><div class="chat"><small>Yeon1211 joined.</small></div><div style="padding:5px 0"><small>Format:</small> <br><strong>[Gen 7] Random Battle</strong></div><div class="rated"><strong>Rated battle</strong></div><div><small><em>Sleep Clause Mod:</em> Limit one foe put to sleep</small></div><div><small><em>HP Percentage Mod:</em> HP is shown in percentages</small></div><div>Battle between aaditmshah and Yeon1211 started!</div><div class="spacer"></div><div>Go! Togekiss!</div><div class="spacer"></div><div>Yeon1211 sent out Palossand!</div><h2>Turn 1</h2><div class="spacer"></div><div><span class="battle-nickname" title="Togekiss">Togekiss</span> used <strong>Nasty Plot</strong>!</div><div><small><span class="battle-nickname" title="Togekiss">Togekiss</span>'s Special Attack rose sharply! </small></div><div class="spacer"></div><div>The opposing <span class="battle-nickname-foe" title="Palossand">Palossand</span> used <strong>Shadow Ball</strong>!</div><div><small><span class="battle-nickname" title="Togekiss">Togekiss</span> lost 28% of its health!</small><br></div><div class="spacer"></div><div><small><span class="battle-nickname" title="Togekiss">Togekiss</span> restored a little HP using its Leftovers!</small></div><h2>Turn 2</h2><div class="spacer"></div><div>The opposing <span class="battle-nickname-foe" title="Palossand">Palossand</span> used <strong>Protect</strong>!</div><div><small>The opposing <span class="battle-nickname-foe" title="Palossand">Palossand</span> protected itself!</small></div><div class="spacer"></div><div><span class="battle-nickname" title="Togekiss">Togekiss</span> used <strong>Air Slash</strong>!</div><div><small>The opposing <span class="battle-nickname-foe" title="Palossand">Palossand</span> protected itself!</small></div><div class="spacer"></div><div><small><span class="battle-nickname" title="Togekiss">Togekiss</span> restored a little HP using its Leftovers!</small></div><h2>Turn 3</h2><div class="spacer"></div><div><span class="battle-nickname" title="Togekiss">Togekiss</span> used <strong>Air Slash</strong>!</div><div><small>The opposing <span class="battle-nickname-foe" title="Palossand">Palossand</span> lost 71% of its health!</small><br></div><div class="spacer"></div><div>The opposing <span class="battle-nickname-foe" title="Palossand">Palossand</span> used <strong>Shadow Ball</strong>!</div><div><small><span class="battle-nickname" title="Togekiss">Togekiss</span> lost 28% of its health!</small><br></div><div class="spacer"></div><div><small><span class="battle-nickname" title="Togekiss">Togekiss</span> restored a little HP using its Leftovers!</small></div><div><small>The opposing <span class="battle-nickname-foe" title="Palossand">Palossand</span> restored a little HP using its Leftovers!</small></div><h2>Turn 4</h2><div class="spacer"></div><div>Yeon1211 withdrew Palossand!</div><div class="spacer"></div><div>Yeon1211 sent out Bronzong!</div><div class="spacer"></div><div><span class="battle-nickname" title="Togekiss">Togekiss</span> used <strong>Roost</strong>!</div><div><small><span class="battle-nickname" title="Togekiss">Togekiss</span> restored its HP.</small></div><h2>Turn 5</h2><div class="spacer"></div><div><span class="battle-nickname" title="Togekiss">Togekiss</span> used <strong>Aura Sphere</strong>!</div><div><small>The opposing <span class="battle-nickname-foe" title="Bronzong">Bronzong</span> lost 41% of its health!</small><br></div><div class="spacer"></div><div>The opposing <span class="battle-nickname-foe" title="Bronzong">Bronzong</span> used <strong>Toxic</strong>!</div><div><small><span class="battle-nickname" title="Togekiss">Togekiss</span> was badly poisoned!</small></div><div class="spacer"></div><div><small><span class="battle-nickname" title="Togekiss">Togekiss</span> was hurt by poison!</small></div><h2>Turn 6</h2><div class="spacer"></div><div><span class="battle-nickname" title="Togekiss">Togekiss</span> used <strong>Aura Sphere</strong>!</div><div><small>The opposing <span class="battle-nickname-foe" title="Bronzong">Bronzong</span> lost 39% of its health!</small><br></div><div class="spacer"></div><div>The opposing <span class="battle-nickname-foe" title="Bronzong">Bronzong</span> used <strong>Light Screen</strong>!</div><div><small>Light Screen made the opposing team stronger against special moves!</small></div><div class="spacer"></div><div><small><span class="battle-nickname" title="Togekiss">Togekiss</span> restored a little HP using its Leftovers!</small></div><div><small><span class="battle-nickname" title="Togekiss">Togekiss</span> was hurt by poison!</small></div><h2>Turn 7</h2><div class="spacer"></div><div><span class="battle-nickname" title="Togekiss">Togekiss</span>, come back!</div><div class="spacer"></div><div>Go! Magmortar!</div><div class="spacer"></div><div>The opposing <span class="battle-nickname-foe" title="Bronzong">Bronzong</span> used <strong>Gyro Ball</strong>!</div><div><small>It's not very effective... </small><small><span class="battle-nickname" title="Magmortar">Magmortar</span> lost 18% of its health!</small><br></div><h2>Turn 8</h2><div class="spacer"></div><div><span class="battle-nickname" title="Magmortar">Magmortar</span> used <strong>Fire Blast</strong>!</div><div><small>It's super effective! </small><small>The opposing <span class="battle-nickname-foe" title="Bronzong">Bronzong</span> lost 20% of its health!</small><br></div><div class="spacer"></div><div>The opposing <span class="battle-nickname-foe" title="Bronzong">Bronzong</span> fainted!</div><div class="spacer"></div><div>Yeon1211 sent out Palossand!</div><h2>Turn 9</h2><div class="spacer"></div><div><span class="battle-nickname" title="Magmortar">Magmortar</span>, come back!</div><div class="spacer"></div><div>Go! Togekiss!</div><div class="spacer"></div><div>The opposing <span class="battle-nickname-foe" title="Palossand">Palossand</span> used <strong>Shore Up</strong>!</div><div><small>The opposing <span class="battle-nickname-foe" title="Palossand">Palossand</span> restored its HP.</small></div><div class="spacer"></div><div><small><span class="battle-nickname" title="Togekiss">Togekiss</span> restored a little HP using its Leftovers!</small></div><div><small>The opposing <span class="battle-nickname-foe" title="Palossand">Palossand</span> restored a little HP using its Leftovers!</small></div><div><small><span class="battle-nickname" title="Togekiss">Togekiss</span> was hurt by poison!</small></div><h2>Turn 10</h2><div class="spacer"></div><div>Yeon1211 withdrew Palossand!</div><div class="spacer"></div><div>Yeon1211 sent out <span class="battle-nickname-foe" title="Raticate-Alola">Raticate <small>(Raticate-Alola)</small></span>!</div><div class="spacer"></div><div><span class="battle-nickname" title="Togekiss">Togekiss</span> used <strong>Nasty Plot</strong>!</div><div><small><span class="battle-nickname" title="Togekiss">Togekiss</span>'s Special Attack rose sharply! </small></div><div class="spacer"></div><div><small><span class="battle-nickname" title="Togekiss">Togekiss</span> restored a little HP using its Leftovers!</small></div><div><small><span class="battle-nickname" title="Togekiss">Togekiss</span> was hurt by poison!</small></div><h2>Turn 11</h2><div class="spacer"></div><div><span class="battle-nickname" title="Togekiss">Togekiss</span> used <strong>Aura Sphere</strong>!</div><div><small>It's super effective! A critical hit! </small><small>The opposing <span class="battle-nickname-foe" title="Raticate-Alola">Raticate</span> lost 100% of its health!</small><br></div><div class="spacer"></div><div>The opposing <span class="battle-nickname-foe" title="Raticate-Alola">Raticate</span> fainted!</div><div class="spacer"></div><div><small><span class="battle-nickname" title="Togekiss">Togekiss</span> restored a little HP using its Leftovers!</small></div><div><small><span class="battle-nickname" title="Togekiss">Togekiss</span> was hurt by poison!</small></div><div class="spacer"></div><div>Yeon1211 sent out Electivire!</div><h2>Turn 12</h2><div class="spacer"></div><div><span class="battle-nickname" title="Togekiss">Togekiss</span>, come back!</div><div class="spacer"></div><div>Go! Plusle!</div><div><small><span class="battle-nickname" title="Plusle">Plusle</span> floats in the air with its Air Balloon!</small></div><div class="spacer"></div><div>The opposing <span class="battle-nickname-foe" title="Electivire">Electivire</span> used <strong>Wild Charge</strong>!</div><div><small>[<span class="battle-nickname" title="Plusle">Plusle</span>'s Lightning Rod!]</small></div><div><small><span class="battle-nickname" title="Plusle">Plusle</span>'s Special Attack rose! </small></div><h2>Turn 13</h2><div class="spacer"></div><div>Yeon1211 withdrew Electivire!</div><div class="spacer"></div><div>Yeon1211 sent out Lurantis!</div><div class="spacer"></div><div><span class="battle-nickname" title="Plusle">Plusle</span> used <strong>Encore</strong>!</div><div><small>But it failed!</small></div><div class="spacer"></div><div><small>The opposing team's Light Screen wore off!</small></div><h2>Turn 14</h2><div class="spacer"></div><div><span class="battle-nickname" title="Plusle">Plusle</span> used <strong>Baton Pass</strong>!</div><div class="spacer"></div><div>Go! Magmortar!</div><div class="spacer"></div><div>The opposing <span class="battle-nickname-foe" title="Lurantis">Lurantis</span> used <strong>Giga Drain</strong>!</div><div><small>It's not very effective... </small><small><span class="battle-nickname" title="Magmortar">Magmortar</span> lost 16% of its health!</small><br></div><div><small>The opposing <span class="battle-nickname-foe" title="Lurantis">Lurantis</span> lost some of its HP!</small></div><h2>Turn 15</h2><div class="spacer"></div><div>Yeon1211 withdrew Lurantis!</div><div class="spacer"></div><div>Yeon1211 sent out Palossand!</div><div class="spacer"></div><div><span class="battle-nickname" title="Magmortar">Magmortar</span> used <strong>Fire Blast</strong>!</div><div><small>The opposing <span class="battle-nickname-foe" title="Palossand">Palossand</span> lost 80% of its health!</small><br></div><div class="spacer"></div><div><small>The opposing <span class="battle-nickname-foe" title="Palossand">Palossand</span> restored a little HP using its Leftovers!</small></div><h2>Turn 16</h2><div class="spacer"></div><div><span class="battle-nickname" title="Magmortar">Magmortar</span> used <strong>Hidden Power</strong>!</div><div><small>It's super effective! </small><small>The opposing <span class="battle-nickname-foe" title="Palossand">Palossand</span> lost 18% of its health!</small><br></div><div class="spacer"></div><div>The opposing <span class="battle-nickname-foe" title="Palossand">Palossand</span> fainted!</div><div class="spacer"></div><div>Yeon1211 sent out Electivire!</div><h2>Turn 17</h2><div class="spacer"></div><div><span class="battle-nickname" title="Magmortar">Magmortar</span>, come back!</div><div class="spacer"></div><div>Go! Rayquaza!</div><div><small>[<span class="battle-nickname" title="Rayquaza">Rayquaza</span>'s Air Lock!]</small></div><div><small>The effects of the weather disappeared.</small></div><div class="spacer"></div><div>The opposing <span class="battle-nickname-foe" title="Electivire">Electivire</span> used <strong>Earthquake</strong>!</div><div><small>It doesn't affect <span class="battle-nickname" title="Rayquaza">Rayquaza</span>... </small></div><h2>Turn 18</h2><div class="spacer"></div><div>Yeon1211 withdrew Electivire!</div><div class="spacer"></div><div>Yeon1211 sent out Lurantis!</div><div class="spacer"></div><div><span class="battle-nickname" title="Rayquaza">Rayquaza</span> used <strong>Dragon Dance</strong>!</div><div><small><span class="battle-nickname" title="Rayquaza">Rayquaza</span>'s Attack rose! <span class="battle-nickname" title="Rayquaza">Rayquaza</span>'s Speed rose! </small></div><h2>Turn 19</h2><div class="spacer"></div><div><span class="battle-nickname" title="Rayquaza">Rayquaza</span> used <strong>Outrage</strong>!</div><div><small>The opposing <span class="battle-nickname-foe" title="Lurantis">Lurantis</span> lost 90% of its health!</small><br></div><div class="spacer"></div><div>The opposing <span class="battle-nickname-foe" title="Lurantis">Lurantis</span> fainted!</div><div class="spacer"></div><div>Yeon1211 sent out Tapu Bulu!</div><div><small>[Opposing <span class="battle-nickname-foe" title="Tapu Bulu">Tapu Bulu</span>'s Grassy Surge!]</small></div><div><small>Grass grew to cover the battlefield!</small></div><h2>Turn 20</h2><div class="spacer"></div><div><span class="battle-nickname" title="Rayquaza">Rayquaza</span> used <strong>Outrage</strong>!</div><div><small>It doesn't affect the opposing <span class="battle-nickname-foe" title="Tapu Bulu">Tapu Bulu</span>... </small></div><div><small><span class="battle-nickname" title="Rayquaza">Rayquaza</span> became confused due to fatigue!</small></div><div><small><span class="battle-nickname" title="Rayquaza">Rayquaza</span> ate its Lum Berry!</small></div><div><small><span class="battle-nickname" title="Rayquaza">Rayquaza</span> snapped out of its confusion.</small></div><div class="spacer"></div><div>The opposing <span class="battle-nickname-foe" title="Tapu Bulu">Tapu Bulu</span> used <strong>Bulk Up</strong>!</div><div><small>The opposing <span class="battle-nickname-foe" title="Tapu Bulu">Tapu Bulu</span>'s Attack rose! The opposing <span class="battle-nickname-foe" title="Tapu Bulu">Tapu Bulu</span>'s Defense rose! </small></div><h2>Turn 21</h2><div class="spacer"></div><div><span class="battle-nickname" title="Rayquaza">Rayquaza</span>, come back!</div><div class="spacer"></div><div>Go! Togekiss!</div><div class="spacer"></div><div>Yeon1211 withdrew Tapu Bulu!</div><div class="spacer"></div><div>Yeon1211 sent out Electivire!</div><div class="spacer"></div><div><small><span class="battle-nickname" title="Togekiss">Togekiss</span> restored a little HP using its Leftovers!</small></div><div><small><span class="battle-nickname" title="Togekiss">Togekiss</span> was hurt by poison!</small></div><h2>Turn 22</h2><div class="spacer"></div><div><span class="battle-nickname" title="Togekiss">Togekiss</span>, come back!</div><div class="spacer"></div><div>Go! Plusle!</div><div><small><span class="battle-nickname" title="Plusle">Plusle</span> floats in the air with its Air Balloon!</small></div><div class="spacer"></div><div>The opposing <span class="battle-nickname-foe" title="Electivire">Electivire</span> used <strong>Ice Punch</strong>!</div><div><small><span class="battle-nickname" title="Plusle">Plusle</span> lost 70% of its health!</small><br></div><div><small><span class="battle-nickname" title="Plusle">Plusle</span>'s Air Balloon popped!</small></div><div class="spacer"></div><div><small><span class="battle-nickname" title="Plusle">Plusle</span> restored HP using its Grassy Terrain!</small></div><h2>Turn 23</h2><div class="spacer"></div><div><span class="battle-nickname" title="Plusle">Plusle</span> used <strong>Encore</strong>!</div><div><small>The opposing <span class="battle-nickname-foe" title="Electivire">Electivire</span> received an encore!</small></div><div class="spacer"></div><div>The opposing <span class="battle-nickname-foe" title="Electivire">Electivire</span> used <strong>Ice Punch</strong>!</div><div><small><span class="battle-nickname" title="Plusle">Plusle</span> lost 36% of its health!</small><br></div><div class="spacer"></div><div><span class="battle-nickname" title="Plusle">Plusle</span> fainted!</div><div class="spacer"></div><div>Go! Primeape!</div><h2>Turn 24</h2><div class="spacer"></div><div>Yeon1211 withdrew Electivire!</div><div class="spacer"></div><div>Yeon1211 sent out Tapu Bulu!</div><div class="spacer"></div><div><span class="battle-nickname" title="Primeape">Primeape</span> used <strong>Gunk Shot</strong>!</div><div><small>It's super effective! </small><small>The opposing <span class="battle-nickname-foe" title="Tapu Bulu">Tapu Bulu</span> lost 100% of its health!</small><br></div><div class="spacer"></div><div>The opposing <span class="battle-nickname-foe" title="Tapu Bulu">Tapu Bulu</span> fainted!</div><div class="spacer"></div><div><small>The grass disappeared from the battlefield.</small></div><div><small>Yeon1211 forfeited.</small></div><div class="spacer"></div><div>aaditmshah won the battle!</div><div class="chat"><small>Yeon1211 left.</small></div><div class="chat">aaditmshah's rating: 1190 → <strong>1210</strong><br>(+20 for winning)</div><div class="chat">Yeon1211's rating: 1123 → <strong>1103</strong><br>(-20 for losing)</div></div></div>
</div>
<script>
var daily = Math.floor(Date.now()/1000/60/60/24);document.write('<script src="https://play.pokemonshowdown.com/js/replay-embed.js?version'+daily+'"></'+'script>');
</script>
