<!DOCTYPE html>
<meta charset="utf-8" />
<!-- version 1 -->
<title>[Gen 7] Random Battle replay: shane-pgtb vs. alephgalactus</title>
<style>
html,body {font-family:Verdana, sans-serif;font-size:10pt;margin:0;padding:0;}body{padding:12px 0;} .battle-log {font-family:Verdana, sans-serif;font-size:10pt;} .battle-log-inline {border:1px solid #AAAAAA;background:#EEF2F5;color:black;max-width:640px;margin:0 auto 80px;padding-bottom:5px;} .battle-log .inner {padding:4px 8px 0px 8px;} .battle-log .inner-preempt {padding:0 8px 4px 8px;} .battle-log .inner-after {margin-top:0.5em;} .battle-log h2 {margin:0.5em -8px;padding:4px 8px;border:1px solid #AAAAAA;background:#E0E7EA;border-left:0;border-right:0;font-family:Verdana, sans-serif;font-size:13pt;} .battle-log .chat {vertical-align:middle;padding:3px 0 3px 0;font-size:8pt;} .battle-log .chat strong {color:#40576A;} .battle-log .chat em {padding:1px 4px 1px 3px;color:#000000;font-style:normal;} .chat.mine {background:rgba(0,0,0,0.05);margin-left:-8px;margin-right:-8px;padding-left:8px;padding-right:8px;} .spoiler {color:#BBBBBB;background:#BBBBBB;padding:0px 3px;} .spoiler:hover, .spoiler:active, .spoiler-shown {color:#000000;background:#E2E2E2;padding:0px 3px;} .spoiler a {color:#BBBBBB;} .spoiler:hover a, .spoiler:active a, .spoiler-shown a {color:#2288CC;} .chat code, .chat .spoiler:hover code, .chat .spoiler:active code, .chat .spoiler-shown code {border:1px solid #C0C0C0;background:#EEEEEE;color:black;padding:0 2px;} .chat .spoiler code {border:1px solid #CCCCCC;background:#CCCCCC;color:#CCCCCC;} .battle-log .rated {padding:3px 4px;} .battle-log .rated strong {color:white;background:#89A;padding:1px 4px;border-radius:4px;} .spacer {margin-top:0.5em;} .message-announce {background:#6688AA;color:white;padding:1px 4px 2px;} .message-announce a, .broadcast-green a, .broadcast-blue a, .broadcast-red a {color:#DDEEFF;} .broadcast-green {background-color:#559955;color:white;padding:2px 4px;} .broadcast-blue {background-color:#6688AA;color:white;padding:2px 4px;} .infobox {border:1px solid #6688AA;padding:2px 4px;} .infobox-limited {max-height:200px;overflow:auto;overflow-x:hidden;} .broadcast-red {background-color:#AA5544;color:white;padding:2px 4px;} .message-learn-canlearn {font-weight:bold;color:#228822;text-decoration:underline;} .message-learn-cannotlearn {font-weight:bold;color:#CC2222;text-decoration:underline;} .message-effect-weak {font-weight:bold;color:#CC2222;} .message-effect-resist {font-weight:bold;color:#6688AA;} .message-effect-immune {font-weight:bold;color:#666666;} .message-learn-list {margin-top:0;margin-bottom:0;} .message-throttle-notice, .message-error {color:#992222;} .message-overflow, .chat small.message-overflow {font-size:0pt;} .message-overflow::before {font-size:9pt;content:'...';} .subtle {color:#3A4A66;}
</style>
<div class="wrapper replay-wrapper" style="max-width:1180px;margin:0 auto">
<input type="hidden" name="replayid" value="gen7randombattle-566946013" />
<div class="battle"></div><div class="battle-log"></div><div class="replay-controls"></div><div class="replay-controls-2"></div>
<h1 style="font-weight:normal;text-align:center"><strong>[Gen 7] Random Battle</strong><br /><a href="http://pokemonshowdown.com/users/shanepgtb" class="subtle" target="_blank">shane-pgtb</a> vs. <a href="http://pokemonshowdown.com/users/alephgalactus" class="subtle" target="_blank">alephgalactus</a></h1>
<script type="text/plain" class="battle-log-data">|j|shane-pgtb
|j|alephgalactus
|player|p1|shane-pgtb|266
|player|p2|alephgalactus|267
|gametype|singles
|gen|7
|tier|[Gen 7] Random Battle
|rated
|seed|24821,62228,11320,31821,33497,16383,16452,9906,40535,54757,44602,32440
|rule|Sleep Clause Mod: Limit one foe put to sleep
|rule|HP Percentage Mod: HP is shown in percentages
|
|start
|switch|p1a: Pidgeot|Pidgeot, L75, M|100\/100
|switch|p2a: Relicanth|Relicanth, L79, M|100\/100
|turn|1
|choice|move uturn mega|move toxic
|
|detailschange|p1a: Pidgeot|Pidgeot-Mega, L75, M
|-mega|p1a: Pidgeot|Pidgeot|Pidgeotite
|move|p1a: Pidgeot|U-turn|p2a: Relicanth
|-damage|p2a: Relicanth|90\/100
|inactive|Battle timer is ON: inactive players will automatically lose when time's up. (requested by shane-pgtb)
|choice|switch 2|
|
|switch|p1a: Sunflora|Sunflora, L79, M|100\/100
|move|p2a: Relicanth|Toxic|p1a: Sunflora
|-status|p1a: Sunflora|tox
|
|-heal|p2a: Relicanth|97\/100|[from] item: Leftovers
|-damage|p1a: Sunflora|94\/100 tox|[from] psn
|upkeep
|turn|2
|choice|move gigadrain|switch 4
|
|switch|p2a: Ninjask|Ninjask, L75, M|100\/100
|move|p1a: Sunflora|Giga Drain|p2a: Ninjask
|-resisted|p2a: Ninjask
|-damage|p2a: Ninjask|82\/100
|-heal|p1a: Sunflora|100\/100 tox|[from] drain|[of] p2a: Ninjask
|-damage|p1a: Sunflora|91\/100 tox|[from] item: Life Orb
|
|-heal|p2a: Ninjask|88\/100|[from] item: Leftovers
|-damage|p1a: Sunflora|79\/100 tox|[from] psn
|upkeep
|turn|3
|choice|switch 2|move substitute
|
|switch|p1a: Pidgeot|Pidgeot-Mega, L75, M|100\/100
|move|p2a: Ninjask|Substitute|p2a: Ninjask
|-start|p2a: Ninjask|Substitute
|-damage|p2a: Ninjask|64\/100
|
|-heal|p2a: Ninjask|70\/100|[from] item: Leftovers
|-ability|p2a: Ninjask|Speed Boost|boost
|-boost|p2a: Ninjask|spe|1
|upkeep
|turn|4
|choice|move hurricane|move protect
|
|move|p2a: Ninjask|Protect|p2a: Ninjask
|-singleturn|p2a: Ninjask|Protect
|move|p1a: Pidgeot|Hurricane|p2a: Ninjask
|-activate|p2a: Ninjask|move: Protect
|
|-heal|p2a: Ninjask|76\/100|[from] item: Leftovers
|-ability|p2a: Ninjask|Speed Boost|boost
|-boost|p2a: Ninjask|spe|1
|upkeep
|turn|5
|choice|move hurricane|move leechlife
|
|move|p2a: Ninjask|Leech Life|p1a: Pidgeot
|-resisted|p1a: Pidgeot
|-damage|p1a: Pidgeot|85\/100
|-heal|p2a: Ninjask|85\/100|[from] drain|[of] p1a: Pidgeot
|move|p1a: Pidgeot|Hurricane|p2a: Ninjask
|-supereffective|p2a: Ninjask
|-end|p2a: Ninjask|Substitute
|
|-heal|p2a: Ninjask|91\/100|[from] item: Leftovers
|-ability|p2a: Ninjask|Speed Boost|boost
|-boost|p2a: Ninjask|spe|1
|upkeep
|turn|6
|choice|move hurricane|move protect
|
|move|p2a: Ninjask|Protect|p2a: Ninjask
|-singleturn|p2a: Ninjask|Protect
|move|p1a: Pidgeot|Hurricane|p2a: Ninjask
|-activate|p2a: Ninjask|move: Protect
|
|-heal|p2a: Ninjask|97\/100|[from] item: Leftovers
|-ability|p2a: Ninjask|Speed Boost|boost
|-boost|p2a: Ninjask|spe|1
|upkeep
|turn|7
|choice|move hurricane|move substitute
|
|move|p2a: Ninjask|Substitute|p2a: Ninjask
|-start|p2a: Ninjask|Substitute
|-damage|p2a: Ninjask|73\/100
|move|p1a: Pidgeot|Hurricane|p2a: Ninjask
|-supereffective|p2a: Ninjask
|-end|p2a: Ninjask|Substitute
|
|-heal|p2a: Ninjask|79\/100|[from] item: Leftovers
|-ability|p2a: Ninjask|Speed Boost|boost
|-boost|p2a: Ninjask|spe|1
|upkeep
|turn|8
|choice|move hurricane|move protect
|
|move|p2a: Ninjask|Protect|p2a: Ninjask
|-singleturn|p2a: Ninjask|Protect
|move|p1a: Pidgeot|Hurricane|p2a: Ninjask
|-activate|p2a: Ninjask|move: Protect
|
|-heal|p2a: Ninjask|85\/100|[from] item: Leftovers
|-ability|p2a: Ninjask|Speed Boost|boost
|-boost|p2a: Ninjask|spe|1
|upkeep
|turn|9
|choice|move hurricane|move substitute
|
|move|p2a: Ninjask|Substitute|p2a: Ninjask
|-start|p2a: Ninjask|Substitute
|-damage|p2a: Ninjask|60\/100
|move|p1a: Pidgeot|Hurricane|p2a: Ninjask
|-supereffective|p2a: Ninjask
|-end|p2a: Ninjask|Substitute
|
|-heal|p2a: Ninjask|66\/100|[from] item: Leftovers
|upkeep
|turn|10
|choice|move uturn|move substitute
|
|move|p2a: Ninjask|Substitute|p2a: Ninjask
|-start|p2a: Ninjask|Substitute
|-damage|p2a: Ninjask|41\/100
|move|p1a: Pidgeot|U-turn|p2a: Ninjask
|-resisted|p2a: Ninjask
|-activate|p2a: Ninjask|move: Substitute|[damage]
|choice|switch 4|
|
|switch|p1a: Stoutland|Stoutland, L79, M|100\/100
|-ability|p1a: Stoutland|Intimidate|boost
|-immune|p2a: Ninjask|[msg]
|
|-heal|p2a: Ninjask|47\/100|[from] item: Leftovers
|upkeep
|turn|11
|choice|move return|move leechlife
|
|move|p2a: Ninjask|Leech Life|p1a: Stoutland
|-crit|p1a: Stoutland
|-damage|p1a: Stoutland|61\/100
|-heal|p2a: Ninjask|72\/100|[from] drain|[of] p1a: Stoutland
|move|p1a: Stoutland|Return|p2a: Ninjask
|-end|p2a: Ninjask|Substitute
|
|-heal|p2a: Ninjask|78\/100|[from] item: Leftovers
|upkeep
|turn|12
|choice|switch 4|move protect
|
|switch|p1a: Pidgeot|Pidgeot-Mega, L75, M|85\/100
|move|p2a: Ninjask|Protect|p2a: Ninjask
|-fail|p2a: Ninjask
|
|-heal|p2a: Ninjask|84\/100|[from] item: Leftovers
|upkeep
|turn|13
|choice|move hurricane|move protect
|
|move|p2a: Ninjask|Protect|p2a: Ninjask
|-singleturn|p2a: Ninjask|Protect
|move|p1a: Pidgeot|Hurricane|p2a: Ninjask
|-activate|p2a: Ninjask|move: Protect
|
|-heal|p2a: Ninjask|90\/100|[from] item: Leftovers
|upkeep
|turn|14
|choice|move hurricane|move substitute
|
|move|p2a: Ninjask|Substitute|p2a: Ninjask
|-start|p2a: Ninjask|Substitute
|-damage|p2a: Ninjask|65\/100
|move|p1a: Pidgeot|Hurricane|p2a: Ninjask
|-supereffective|p2a: Ninjask
|-end|p2a: Ninjask|Substitute
|
|-heal|p2a: Ninjask|71\/100|[from] item: Leftovers
|upkeep
|turn|15
|choice|move hurricane|move substitute
|
|move|p2a: Ninjask|Substitute|p2a: Ninjask
|-start|p2a: Ninjask|Substitute
|-damage|p2a: Ninjask|47\/100
|move|p1a: Pidgeot|Hurricane|p2a: Ninjask
|-supereffective|p2a: Ninjask
|-end|p2a: Ninjask|Substitute
|
|-heal|p2a: Ninjask|53\/100|[from] item: Leftovers
|upkeep
|turn|16
|choice|move roost|move protect
|
|move|p2a: Ninjask|Protect|p2a: Ninjask
|-singleturn|p2a: Ninjask|Protect
|move|p1a: Pidgeot|Roost|p1a: Pidgeot
|-heal|p1a: Pidgeot|100\/100
|
|-heal|p2a: Ninjask|59\/100|[from] item: Leftovers
|upkeep
|turn|17
|c|☆shane-pgtb|Im bored of this
|c|☆shane-pgtb|GG
|-message|shane-pgtb forfeited.
|
|win|alephgalactus
|l|shane-pgtb
|raw|shane-pgtb's rating: 1572 &rarr; <strong>1556<\/strong><br \/>(-16 for losing)
|raw|alephgalactus's rating: 1659 &rarr; <strong>1674<\/strong><br \/>(+15 for winning)</script>
</div>
<div class="battle-log battle-log-inline"><div class="inner"><div class="chat"><small>shane-pgtb joined.</small></div><div class="chat"><small>alephgalactus joined.</small></div><div style="padding:5px 0"><small>Format:</small> <br><strong>[Gen 7] Random Battle</strong></div><div class="rated"><strong>Rated battle</strong></div><div><small><em>Sleep Clause Mod:</em> Limit one foe put to sleep</small></div><div><small><em>HP Percentage Mod:</em> HP is shown in percentages</small></div><div>Battle between shane-pgtb and alephgalactus started!</div><div class="spacer"></div><div>Go! Pidgeot!</div><div class="spacer"></div><div>alephgalactus sent out Relicanth!</div><h2>Turn 1</h2><div class="spacer"></div><div><small><span class="battle-nickname" title="Pidgeot-Mega">Pidgeot</span>'s Pidgeotite is reacting to shane-pgtb's Mega Bracelet!<br><span class="battle-nickname" title="Pidgeot-Mega">Pidgeot</span> has Mega Evolved into Mega Pidgeot!</small></div><div class="spacer"></div><div><span class="battle-nickname" title="Pidgeot-Mega">Pidgeot</span> used <strong>U-turn</strong>!</div><div><small>The opposing <span class="battle-nickname-foe" title="Relicanth">Relicanth</span> lost 10% of its health!</small><br></div><div class="chat message-error">Battle timer is ON: inactive players will automatically lose when time's up. (requested by shane-pgtb)</div><div class="spacer"></div><div><span class="battle-nickname" title="Pidgeot-Mega">Pidgeot</span> went back to shane-pgtb!</div><div class="spacer"></div><div>Go! Sunflora!</div><div class="spacer"></div><div>The opposing <span class="battle-nickname-foe" title="Relicanth">Relicanth</span> used <strong>Toxic</strong>!</div><div><small><span class="battle-nickname" title="Sunflora">Sunflora</span> was badly poisoned!</small></div><div class="spacer"></div><div><small>The opposing <span class="battle-nickname-foe" title="Relicanth">Relicanth</span> restored a little HP using its Leftovers!</small></div><div><small><span class="battle-nickname" title="Sunflora">Sunflora</span> was hurt by poison!</small></div><h2>Turn 2</h2><div class="spacer"></div><div>alephgalactus withdrew Relicanth!</div><div class="spacer"></div><div>alephgalactus sent out Ninjask!</div><div class="spacer"></div><div><span class="battle-nickname" title="Sunflora">Sunflora</span> used <strong>Giga Drain</strong>!</div><div><small>It's not very effective... </small><small>The opposing <span class="battle-nickname-foe" title="Ninjask">Ninjask</span> lost 18% of its health!</small><br></div><div><small>The opposing <span class="battle-nickname-foe" title="Ninjask">Ninjask</span> had its energy drained!</small></div><div><small><span class="battle-nickname" title="Sunflora">Sunflora</span> lost some of its HP!</small></div><div class="spacer"></div><div><small>The opposing <span class="battle-nickname-foe" title="Ninjask">Ninjask</span> restored a little HP using its Leftovers!</small></div><div><small><span class="battle-nickname" title="Sunflora">Sunflora</span> was hurt by poison!</small></div><h2>Turn 3</h2><div class="spacer"></div><div><span class="battle-nickname" title="Sunflora">Sunflora</span>, come back!</div><div class="spacer"></div><div>Go! <span class="battle-nickname" title="Pidgeot-Mega">Pidgeot <small>(Pidgeot-Mega)</small></span>!</div><div class="spacer"></div><div>The opposing <span class="battle-nickname-foe" title="Ninjask">Ninjask</span> used <strong>Substitute</strong>!</div><div><small>The opposing <span class="battle-nickname-foe" title="Ninjask">Ninjask</span> put in a substitute!</small></div><div><small>The opposing <span class="battle-nickname-foe" title="Ninjask">Ninjask</span> lost 24% of its health!</small><br></div><div class="spacer"></div><div><small>The opposing <span class="battle-nickname-foe" title="Ninjask">Ninjask</span> restored a little HP using its Leftovers!</small></div><div><small>[Opposing <span class="battle-nickname-foe" title="Ninjask">Ninjask</span>'s Speed Boost!]</small></div><div><small>The opposing <span class="battle-nickname-foe" title="Ninjask">Ninjask</span>'s Speed rose! </small></div><h2>Turn 4</h2><div class="spacer"></div><div>The opposing <span class="battle-nickname-foe" title="Ninjask">Ninjask</span> used <strong>Protect</strong>!</div><div><small>The opposing <span class="battle-nickname-foe" title="Ninjask">Ninjask</span> protected itself!</small></div><div class="spacer"></div><div><span class="battle-nickname" title="Pidgeot-Mega">Pidgeot</span> used <strong>Hurricane</strong>!</div><div><small>The opposing <span class="battle-nickname-foe" title="Ninjask">Ninjask</span> protected itself!</small></div><div class="spacer"></div><div><small>The opposing <span class="battle-nickname-foe" title="Ninjask">Ninjask</span> restored a little HP using its Leftovers!</small></div><div><small>[Opposing <span class="battle-nickname-foe" title="Ninjask">Ninjask</span>'s Speed Boost!]</small></div><div><small>The opposing <span class="battle-nickname-foe" title="Ninjask">Ninjask</span>'s Speed rose! </small></div><h2>Turn 5</h2><div class="spacer"></div><div>The opposing <span class="battle-nickname-foe" title="Ninjask">Ninjask</span> used <strong>Leech Life</strong>!</div><div><small>It's not very effective... </small><small><span class="battle-nickname" title="Pidgeot-Mega">Pidgeot</span> lost 15% of its health!</small><br></div><div><small><span class="battle-nickname" title="Pidgeot-Mega">Pidgeot</span> had its energy drained!</small></div><div class="spacer"></div><div><span class="battle-nickname" title="Pidgeot-Mega">Pidgeot</span> used <strong>Hurricane</strong>!</div><div><small>It's super effective! The opposing <span class="battle-nickname-foe" title="Ninjask">Ninjask</span>'s substitute faded!</small></div><div class="spacer"></div><div><small>The opposing <span class="battle-nickname-foe" title="Ninjask">Ninjask</span> restored a little HP using its Leftovers!</small></div><div><small>[Opposing <span class="battle-nickname-foe" title="Ninjask">Ninjask</span>'s Speed Boost!]</small></div><div><small>The opposing <span class="battle-nickname-foe" title="Ninjask">Ninjask</span>'s Speed rose! </small></div><h2>Turn 6</h2><div class="spacer"></div><div>The opposing <span class="battle-nickname-foe" title="Ninjask">Ninjask</span> used <strong>Protect</strong>!</div><div><small>The opposing <span class="battle-nickname-foe" title="Ninjask">Ninjask</span> protected itself!</small></div><div class="spacer"></div><div><span class="battle-nickname" title="Pidgeot-Mega">Pidgeot</span> used <strong>Hurricane</strong>!</div><div><small>The opposing <span class="battle-nickname-foe" title="Ninjask">Ninjask</span> protected itself!</small></div><div class="spacer"></div><div><small>The opposing <span class="battle-nickname-foe" title="Ninjask">Ninjask</span> restored a little HP using its Leftovers!</small></div><div><small>[Opposing <span class="battle-nickname-foe" title="Ninjask">Ninjask</span>'s Speed Boost!]</small></div><div><small>The opposing <span class="battle-nickname-foe" title="Ninjask">Ninjask</span>'s Speed rose! </small></div><h2>Turn 7</h2><div class="spacer"></div><div>The opposing <span class="battle-nickname-foe" title="Ninjask">Ninjask</span> used <strong>Substitute</strong>!</div><div><small>The opposing <span class="battle-nickname-foe" title="Ninjask">Ninjask</span> put in a substitute!</small></div><div><small>The opposing <span class="battle-nickname-foe" title="Ninjask">Ninjask</span> lost 24% of its health!</small><br></div><div class="spacer"></div><div><span class="battle-nickname" title="Pidgeot-Mega">Pidgeot</span> used <strong>Hurricane</strong>!</div><div><small>It's super effective! The opposing <span class="battle-nickname-foe" title="Ninjask">Ninjask</span>'s substitute faded!</small></div><div class="spacer"></div><div><small>The opposing <span class="battle-nickname-foe" title="Ninjask">Ninjask</span> restored a little HP using its Leftovers!</small></div><div><small>[Opposing <span class="battle-nickname-foe" title="Ninjask">Ninjask</span>'s Speed Boost!]</small></div><div><small>The opposing <span class="battle-nickname-foe" title="Ninjask">Ninjask</span>'s Speed rose! </small></div><h2>Turn 8</h2><div class="spacer"></div><div>The opposing <span class="battle-nickname-foe" title="Ninjask">Ninjask</span> used <strong>Protect</strong>!</div><div><small>The opposing <span class="battle-nickname-foe" title="Ninjask">Ninjask</span> protected itself!</small></div><div class="spacer"></div><div><span class="battle-nickname" title="Pidgeot-Mega">Pidgeot</span> used <strong>Hurricane</strong>!</div><div><small>The opposing <span class="battle-nickname-foe" title="Ninjask">Ninjask</span> protected itself!</small></div><div class="spacer"></div><div><small>The opposing <span class="battle-nickname-foe" title="Ninjask">Ninjask</span> restored a little HP using its Leftovers!</small></div><div><small>[Opposing <span class="battle-nickname-foe" title="Ninjask">Ninjask</span>'s Speed Boost!]</small></div><div><small>The opposing <span class="battle-nickname-foe" title="Ninjask">Ninjask</span>'s Speed rose! </small></div><h2>Turn 9</h2><div class="spacer"></div><div>The opposing <span class="battle-nickname-foe" title="Ninjask">Ninjask</span> used <strong>Substitute</strong>!</div><div><small>The opposing <span class="battle-nickname-foe" title="Ninjask">Ninjask</span> put in a substitute!</small></div><div><small>The opposing <span class="battle-nickname-foe" title="Ninjask">Ninjask</span> lost 25% of its health!</small><br></div><div class="spacer"></div><div><span class="battle-nickname" title="Pidgeot-Mega">Pidgeot</span> used <strong>Hurricane</strong>!</div><div><small>It's super effective! The opposing <span class="battle-nickname-foe" title="Ninjask">Ninjask</span>'s substitute faded!</small></div><div class="spacer"></div><div><small>The opposing <span class="battle-nickname-foe" title="Ninjask">Ninjask</span> restored a little HP using its Leftovers!</small></div><h2>Turn 10</h2><div class="spacer"></div><div>The opposing <span class="battle-nickname-foe" title="Ninjask">Ninjask</span> used <strong>Substitute</strong>!</div><div><small>The opposing <span class="battle-nickname-foe" title="Ninjask">Ninjask</span> put in a substitute!</small></div><div><small>The opposing <span class="battle-nickname-foe" title="Ninjask">Ninjask</span> lost 25% of its health!</small><br></div><div class="spacer"></div><div><span class="battle-nickname" title="Pidgeot-Mega">Pidgeot</span> used <strong>U-turn</strong>!</div><div><small>It's not very effective... The substitute took damage for the opposing <span class="battle-nickname-foe" title="Ninjask">Ninjask</span>!</small></div><div class="spacer"></div><div><span class="battle-nickname" title="Pidgeot-Mega">Pidgeot</span> went back to shane-pgtb!</div><div class="spacer"></div><div>Go! Stoutland!</div><div><small>[<span class="battle-nickname" title="Stoutland">Stoutland</span>'s Intimidate!]</small></div><div><small>It doesn't affect the opposing <span class="battle-nickname-foe" title="Ninjask">Ninjask</span>... </small></div><div class="spacer"></div><div><small>The opposing <span class="battle-nickname-foe" title="Ninjask">Ninjask</span> restored a little HP using its Leftovers!</small></div><h2>Turn 11</h2><div class="spacer"></div><div>The opposing <span class="battle-nickname-foe" title="Ninjask">Ninjask</span> used <strong>Leech Life</strong>!</div><div><small>A critical hit! </small><small><span class="battle-nickname" title="Stoutland">Stoutland</span> lost 39% of its health!</small><br></div><div><small><span class="battle-nickname" title="Stoutland">Stoutland</span> had its energy drained!</small></div><div class="spacer"></div><div><span class="battle-nickname" title="Stoutland">Stoutland</span> used <strong>Return</strong>!</div><div><small>The opposing <span class="battle-nickname-foe" title="Ninjask">Ninjask</span>'s substitute faded!</small></div><div class="spacer"></div><div><small>The opposing <span class="battle-nickname-foe" title="Ninjask">Ninjask</span> restored a little HP using its Leftovers!</small></div><h2>Turn 12</h2><div class="spacer"></div><div><span class="battle-nickname" title="Stoutland">Stoutland</span>, come back!</div><div class="spacer"></div><div>Go! <span class="battle-nickname" title="Pidgeot-Mega">Pidgeot <small>(Pidgeot-Mega)</small></span>!</div><div class="spacer"></div><div>The opposing <span class="battle-nickname-foe" title="Ninjask">Ninjask</span> used <strong>Protect</strong>!</div><div><small>But it failed!</small></div><div class="spacer"></div><div><small>The opposing <span class="battle-nickname-foe" title="Ninjask">Ninjask</span> restored a little HP using its Leftovers!</small></div><h2>Turn 13</h2><div class="spacer"></div><div>The opposing <span class="battle-nickname-foe" title="Ninjask">Ninjask</span> used <strong>Protect</strong>!</div><div><small>The opposing <span class="battle-nickname-foe" title="Ninjask">Ninjask</span> protected itself!</small></div><div class="spacer"></div><div><span class="battle-nickname" title="Pidgeot-Mega">Pidgeot</span> used <strong>Hurricane</strong>!</div><div><small>The opposing <span class="battle-nickname-foe" title="Ninjask">Ninjask</span> protected itself!</small></div><div class="spacer"></div><div><small>The opposing <span class="battle-nickname-foe" title="Ninjask">Ninjask</span> restored a little HP using its Leftovers!</small></div><h2>Turn 14</h2><div class="spacer"></div><div>The opposing <span class="battle-nickname-foe" title="Ninjask">Ninjask</span> used <strong>Substitute</strong>!</div><div><small>The opposing <span class="battle-nickname-foe" title="Ninjask">Ninjask</span> put in a substitute!</small></div><div><small>The opposing <span class="battle-nickname-foe" title="Ninjask">Ninjask</span> lost 25% of its health!</small><br></div><div class="spacer"></div><div><span class="battle-nickname" title="Pidgeot-Mega">Pidgeot</span> used <strong>Hurricane</strong>!</div><div><small>It's super effective! The opposing <span class="battle-nickname-foe" title="Ninjask">Ninjask</span>'s substitute faded!</small></div><div class="spacer"></div><div><small>The opposing <span class="battle-nickname-foe" title="Ninjask">Ninjask</span> restored a little HP using its Leftovers!</small></div><h2>Turn 15</h2><div class="spacer"></div><div>The opposing <span class="battle-nickname-foe" title="Ninjask">Ninjask</span> used <strong>Substitute</strong>!</div><div><small>The opposing <span class="battle-nickname-foe" title="Ninjask">Ninjask</span> put in a substitute!</small></div><div><small>The opposing <span class="battle-nickname-foe" title="Ninjask">Ninjask</span> lost 24% of its health!</small><br></div><div class="spacer"></div><div><span class="battle-nickname" title="Pidgeot-Mega">Pidgeot</span> used <strong>Hurricane</strong>!</div><div><small>It's super effective! The opposing <span class="battle-nickname-foe" title="Ninjask">Ninjask</span>'s substitute faded!</small></div><div class="spacer"></div><div><small>The opposing <span class="battle-nickname-foe" title="Ninjask">Ninjask</span> restored a little HP using its Leftovers!</small></div><h2>Turn 16</h2><div class="spacer"></div><div>The opposing <span class="battle-nickname-foe" title="Ninjask">Ninjask</span> used <strong>Protect</strong>!</div><div><small>The opposing <span class="battle-nickname-foe" title="Ninjask">Ninjask</span> protected itself!</small></div><div class="spacer"></div><div><span class="battle-nickname" title="Pidgeot-Mega">Pidgeot</span> used <strong>Roost</strong>!</div><div><small><span class="battle-nickname" title="Pidgeot-Mega">Pidgeot</span> restored its HP.</small></div><div class="spacer"></div><div><small>The opposing <span class="battle-nickname-foe" title="Ninjask">Ninjask</span> restored a little HP using its Leftovers!</small></div><h2>Turn 17</h2><div class="chat chatmessage-shanepgtb"><strong style="color:hsl(121,48.67842346666666%,32.32157653333334%);"><small>☆</small><span class="username" data-name="shane-pgtb">shane-pgtb</span>:</strong> <em>Im bored of this</em></div><div class="chat chatmessage-shanepgtb"><strong style="color:hsl(121,48.67842346666666%,32.32157653333334%);"><small>☆</small><span class="username" data-name="shane-pgtb">shane-pgtb</span>:</strong> <em>GG</em></div><div class="spacer"></div><div><small>shane-pgtb forfeited.</small></div><div class="spacer"></div><div>alephgalactus won the battle!</div><div class="chat"><small>shane-pgtb left.</small></div><div class="chat">shane-pgtb's rating: 1572 → <strong>1556</strong><br>(-16 for losing)</div><div class="chat">alephgalactus's rating: 1659 → <strong>1674</strong><br>(+15 for winning)</div></div></div>
</div>
<script>
var daily = Math.floor(Date.now()/1000/60/60/24);document.write('<script src="https://play.pokemonshowdown.com/js/replay-embed.js?version'+daily+'"></'+'script>');
</script>
