<!DOCTYPE html>
<meta charset="utf-8" />
<!-- version 1 -->
<title>[Gen 7] Random Battle replay: OsmarMR vs. ShirtPantsShoes</title>
<style>
html,body {font-family:Verdana, sans-serif;font-size:10pt;margin:0;padding:0;}body{padding:12px 0;} .battle-log {font-family:Verdana, sans-serif;font-size:10pt;} .battle-log-inline {border:1px solid #AAAAAA;background:#EEF2F5;color:black;max-width:640px;margin:0 auto 80px;padding-bottom:5px;} .battle-log .inner {padding:4px 8px 0px 8px;} .battle-log .inner-preempt {padding:0 8px 4px 8px;} .battle-log .inner-after {margin-top:0.5em;} .battle-log h2 {margin:0.5em -8px;padding:4px 8px;border:1px solid #AAAAAA;background:#E0E7EA;border-left:0;border-right:0;font-family:Verdana, sans-serif;font-size:13pt;} .battle-log .chat {vertical-align:middle;padding:3px 0 3px 0;font-size:8pt;} .battle-log .chat strong {color:#40576A;} .battle-log .chat em {padding:1px 4px 1px 3px;color:#000000;font-style:normal;} .chat.mine {background:rgba(0,0,0,0.05);margin-left:-8px;margin-right:-8px;padding-left:8px;padding-right:8px;} .spoiler {color:#BBBBBB;background:#BBBBBB;padding:0px 3px;} .spoiler:hover, .spoiler:active, .spoiler-shown {color:#000000;background:#E2E2E2;padding:0px 3px;} .spoiler a {color:#BBBBBB;} .spoiler:hover a, .spoiler:active a, .spoiler-shown a {color:#2288CC;} .chat code, .chat .spoiler:hover code, .chat .spoiler:active code, .chat .spoiler-shown code {border:1px solid #C0C0C0;background:#EEEEEE;color:black;padding:0 2px;} .chat .spoiler code {border:1px solid #CCCCCC;background:#CCCCCC;color:#CCCCCC;} .battle-log .rated {padding:3px 4px;} .battle-log .rated strong {color:white;background:#89A;padding:1px 4px;border-radius:4px;} .spacer {margin-top:0.5em;} .message-announce {background:#6688AA;color:white;padding:1px 4px 2px;} .message-announce a, .broadcast-green a, .broadcast-blue a, .broadcast-red a {color:#DDEEFF;} .broadcast-green {background-color:#559955;color:white;padding:2px 4px;} .broadcast-blue {background-color:#6688AA;color:white;padding:2px 4px;} .infobox {border:1px solid #6688AA;padding:2px 4px;} .infobox-limited {max-height:200px;overflow:auto;overflow-x:hidden;} .broadcast-red {background-color:#AA5544;color:white;padding:2px 4px;} .message-learn-canlearn {font-weight:bold;color:#228822;text-decoration:underline;} .message-learn-cannotlearn {font-weight:bold;color:#CC2222;text-decoration:underline;} .message-effect-weak {font-weight:bold;color:#CC2222;} .message-effect-resist {font-weight:bold;color:#6688AA;} .message-effect-immune {font-weight:bold;color:#666666;} .message-learn-list {margin-top:0;margin-bottom:0;} .message-throttle-notice, .message-error {color:#992222;} .message-overflow, .chat small.message-overflow {font-size:0pt;} .message-overflow::before {font-size:9pt;content:'...';} .subtle {color:#3A4A66;}
</style>
<div class="wrapper replay-wrapper" style="max-width:1180px;margin:0 auto">
<input type="hidden" name="replayid" value="gen7randombattle-566570109" />
<div class="battle"></div><div class="battle-log"></div><div class="replay-controls"></div><div class="replay-controls-2"></div>
<h1 style="font-weight:normal;text-align:center"><strong>[Gen 7] Random Battle</strong><br /><a href="http://pokemonshowdown.com/users/osmarmr" class="subtle" target="_blank">OsmarMR</a> vs. <a href="http://pokemonshowdown.com/users/shirtpantsshoes" class="subtle" target="_blank">ShirtPantsShoes</a></h1>
<script type="text/plain" class="battle-log-data">|j|OsmarMR
|j|ShirtPantsShoes
|player|p1|OsmarMR|101
|player|p2|ShirtPantsShoes|170
|gametype|singles
|gen|7
|tier|[Gen 7] Random Battle
|rated
|seed|40453,703,36781,1403,37505,13311,48604,64023,14559,17700,30023,21709
|rule|Sleep Clause Mod: Limit one foe put to sleep
|rule|HP Percentage Mod: HP is shown in percentages
|
|start
|switch|p1a: Heatmor|Heatmor, L79, F|100\/100
|switch|p2a: Pidgeot|Pidgeot, L75, M|100\/100
|turn|1
|choice|move fireblast|move hurricane mega
|
|detailschange|p2a: Pidgeot|Pidgeot-Mega, L75, M
|-mega|p2a: Pidgeot|Pidgeot|Pidgeotite
|move|p2a: Pidgeot|Hurricane|p1a: Heatmor
|-damage|p1a: Heatmor|42\/100
|move|p1a: Heatmor|Fire Blast|p2a: Pidgeot
|-damage|p2a: Pidgeot|30\/100
|-damage|p1a: Heatmor|32\/100|[from] item: Life Orb
|
|upkeep
|turn|2
|choice|move suckerpunch|move hurricane
|
|move|p1a: Heatmor|Sucker Punch|p2a: Pidgeot
|-damage|p2a: Pidgeot|0 fnt
|-damage|p1a: Heatmor|23\/100|[from] item: Life Orb
|faint|p2a: Pidgeot
|
|upkeep
|choice||switch 4
|
|switch|p2a: Reshiram|Reshiram, L73|100\/100
|-ability|p2a: Reshiram|Turboblaze
|turn|3
|choice|move focusblast|move dragonpulse
|
|move|p2a: Reshiram|Dragon Pulse|p1a: Heatmor
|-damage|p1a: Heatmor|0 fnt
|faint|p1a: Heatmor
|
|upkeep
|choice|switch 4|
|
|switch|p1a: Rayquaza|Rayquaza, L73|100\/100
|-ability|p1a: Rayquaza|Air Lock
|turn|4
|choice|move dracometeor|move dracometeor
|
|move|p1a: Rayquaza|Draco Meteor|p2a: Reshiram
|-supereffective|p2a: Reshiram
|-damage|p2a: Reshiram|0 fnt
|-unboost|p1a: Rayquaza|spa|2
|-damage|p1a: Rayquaza|91\/100|[from] item: Life Orb
|faint|p2a: Reshiram
|
|upkeep
|choice||switch 2
|
|switch|p2a: Shuckle|Shuckle, L79, M|100\/100
|turn|5
|choice|switch 5|move knockoff
|
|switch|p1a: Charizard|Charizard, L79, F|100\/100
|move|p2a: Shuckle|Knock Off|p1a: Charizard
|-damage|p1a: Charizard|95\/100
|
|upkeep
|turn|6
|choice|move flamecharge|move stealthrock
|
|move|p1a: Charizard|Flame Charge|p2a: Shuckle
|-damage|p2a: Shuckle|89\/100
|-boost|p1a: Charizard|spe|1
|move|p2a: Shuckle|Stealth Rock|p1a: Charizard
|-sidestart|p1: OsmarMR|move: Stealth Rock
|
|-heal|p2a: Shuckle|95\/100|[from] item: Leftovers
|upkeep
|turn|7
|choice|move swordsdance|move encore
|
|move|p1a: Charizard|Swords Dance|p1a: Charizard
|-boost|p1a: Charizard|atk|2
|move|p2a: Shuckle|Encore|p1a: Charizard
|-start|p1a: Charizard|Encore
|
|-heal|p2a: Shuckle|100\/100|[from] item: Leftovers
|upkeep
|turn|8
|choice|move swordsdance|switch 6
|
|switch|p2a: Dhelmise|Dhelmise, L79|100\/100
|move|p1a: Charizard|Swords Dance|p1a: Charizard
|-boost|p1a: Charizard|atk|2
|
|upkeep
|turn|9
|choice|move swordsdance|move swordsdance
|
|move|p1a: Charizard|Swords Dance|p1a: Charizard
|-boost|p1a: Charizard|atk|2
|move|p2a: Dhelmise|Swords Dance|p2a: Dhelmise
|-boost|p2a: Dhelmise|atk|2
|
|upkeep
|turn|10
|choice|move swordsdance|move phantomforce
|
|move|p1a: Charizard|Swords Dance|p1a: Charizard
|-boost|p1a: Charizard|atk|0
|move|p2a: Dhelmise|Phantom Force|p1a: Charizard|[still]
|-prepare|p2a: Dhelmise|Phantom Force|p1a: Charizard
|
|-end|p1a: Charizard|Encore
|upkeep
|turn|11
|choice|move airslash|move phantomforce
|
|move|p1a: Charizard|Air Slash|p2a: Dhelmise|[miss]
|-miss|p1a: Charizard|p2a: Dhelmise
|move|p2a: Dhelmise|Phantom Force|p1a: Charizard|[from]lockedmove
|-damage|p1a: Charizard|0 fnt
|-damage|p2a: Dhelmise|90\/100|[from] item: Life Orb
|faint|p1a: Charizard
|
|upkeep
|choice|switch 6|
|
|switch|p1a: Beartic|Beartic, L79, F|100\/100
|-damage|p1a: Beartic|76\/100|[from] Stealth Rock
|turn|12
|choice|move iciclecrash|move powerwhip
|
|move|p1a: Beartic|Icicle Crash|p2a: Dhelmise
|-supereffective|p2a: Dhelmise
|-damage|p2a: Dhelmise|0 fnt
|faint|p2a: Dhelmise
|
|upkeep
|choice||switch 5
|
|switch|p2a: Rotom|Rotom-Mow, L79|100\/100
|turn|13
|choice|move iciclecrash|move voltswitch
|
|move|p2a: Rotom|Volt Switch|p1a: Beartic
|-damage|p1a: Beartic|37\/100
|-damage|p2a: Rotom|91\/100|[from] item: Life Orb
|choice||switch 3
|
|switch|p2a: Cryogonal|Cryogonal, L79|100\/100
|move|p1a: Beartic|Icicle Crash|p2a: Cryogonal
|-resisted|p2a: Cryogonal
|-damage|p2a: Cryogonal|57\/100
|
|-heal|p2a: Cryogonal|63\/100|[from] item: Leftovers
|upkeep
|turn|14
|choice|move iciclecrash|move hiddenpower
|
|move|p2a: Cryogonal|Hidden Power|p1a: Beartic
|-damage|p1a: Beartic|22\/100
|move|p1a: Beartic|Icicle Crash|p2a: Cryogonal
|-resisted|p2a: Cryogonal
|-damage|p2a: Cryogonal|20\/100
|
|-heal|p2a: Cryogonal|26\/100|[from] item: Leftovers
|upkeep
|turn|15
|choice|move iciclecrash|move recover
|
|move|p2a: Cryogonal|Recover|p2a: Cryogonal
|-heal|p2a: Cryogonal|77\/100
|move|p1a: Beartic|Icicle Crash|p2a: Cryogonal
|-resisted|p2a: Cryogonal
|-damage|p2a: Cryogonal|33\/100
|
|-heal|p2a: Cryogonal|39\/100|[from] item: Leftovers
|upkeep
|turn|16
|choice|move iciclecrash|move recover
|
|move|p2a: Cryogonal|Recover|p2a: Cryogonal
|-heal|p2a: Cryogonal|89\/100
|move|p1a: Beartic|Icicle Crash|p2a: Cryogonal
|-resisted|p2a: Cryogonal
|-damage|p2a: Cryogonal|41\/100
|
|-heal|p2a: Cryogonal|47\/100|[from] item: Leftovers
|upkeep
|turn|17
|choice|move iciclecrash|move recover
|
|move|p2a: Cryogonal|Recover|p2a: Cryogonal
|-heal|p2a: Cryogonal|97\/100
|move|p1a: Beartic|Icicle Crash|p2a: Cryogonal
|-resisted|p2a: Cryogonal
|-damage|p2a: Cryogonal|50\/100
|
|-heal|p2a: Cryogonal|56\/100|[from] item: Leftovers
|upkeep
|turn|18
|choice|move iciclecrash|move hiddenpower
|
|move|p2a: Cryogonal|Hidden Power|p1a: Beartic
|-damage|p1a: Beartic|6\/100
|move|p1a: Beartic|Icicle Crash|p2a: Cryogonal
|-resisted|p2a: Cryogonal
|-damage|p2a: Cryogonal|12\/100
|
|-heal|p2a: Cryogonal|18\/100|[from] item: Leftovers
|upkeep
|turn|19
|choice|move iciclecrash|move recover
|
|move|p2a: Cryogonal|Recover|p2a: Cryogonal
|-heal|p2a: Cryogonal|68\/100
|move|p1a: Beartic|Icicle Crash|p2a: Cryogonal
|-resisted|p2a: Cryogonal
|-damage|p2a: Cryogonal|20\/100
|
|-heal|p2a: Cryogonal|26\/100|[from] item: Leftovers
|upkeep
|turn|20
|choice|move iciclecrash|move hiddenpower
|
|move|p2a: Cryogonal|Hidden Power|p1a: Beartic
|-damage|p1a: Beartic|0 fnt
|faint|p1a: Beartic
|
|-heal|p2a: Cryogonal|31\/100|[from] item: Leftovers
|upkeep
|choice|switch 2|
|
|switch|p1a: Rotom|Rotom, L79|100\/100
|-damage|p1a: Rotom|88\/100|[from] Stealth Rock
|turn|21
|choice|move shadowball|move recover
|
|move|p2a: Cryogonal|Recover|p2a: Cryogonal
|-heal|p2a: Cryogonal|82\/100
|move|p1a: Rotom|Shadow Ball|p2a: Cryogonal
|-crit|p2a: Cryogonal
|-damage|p2a: Cryogonal|30\/100
|
|-heal|p2a: Cryogonal|35\/100|[from] item: Leftovers
|upkeep
|turn|22
|choice|move shadowball|move recover
|
|move|p2a: Cryogonal|Recover|p2a: Cryogonal
|-heal|p2a: Cryogonal|86\/100
|move|p1a: Rotom|Shadow Ball|p2a: Cryogonal
|-damage|p2a: Cryogonal|53\/100
|
|-heal|p2a: Cryogonal|59\/100|[from] item: Leftovers
|upkeep
|turn|23
|choice|move shadowball|move icebeam
|
|move|p2a: Cryogonal|Ice Beam|p1a: Rotom
|-damage|p1a: Rotom|39\/100
|-status|p1a: Rotom|frz
|-curestatus|p1a: Rotom|frz|[msg]
|move|p1a: Rotom|Shadow Ball|p2a: Cryogonal
|-damage|p2a: Cryogonal|28\/100
|
|-heal|p2a: Cryogonal|33\/100|[from] item: Leftovers
|upkeep
|turn|24
|choice|move shadowball|move icebeam
|
|move|p2a: Cryogonal|Ice Beam|p1a: Rotom
|-damage|p1a: Rotom|0 fnt
|faint|p1a: Rotom
|
|-heal|p2a: Cryogonal|39\/100|[from] item: Leftovers
|upkeep
|choice|switch 3|
|
|switch|p1a: Gallade|Gallade, L75, M|100\/100
|-damage|p1a: Gallade|94\/100|[from] Stealth Rock
|turn|25
|choice|move substitute mega|switch 6
|
|switch|p2a: Shuckle|Shuckle, L79, M|100\/100
|detailschange|p1a: Gallade|Gallade-Mega, L75, M
|-mega|p1a: Gallade|Gallade|Galladite
|move|p1a: Gallade|Substitute|p1a: Gallade
|-start|p1a: Gallade|Substitute
|-damage|p1a: Gallade|70\/100
|
|upkeep
|turn|26
|choice|move drainpunch|move encore
|
|move|p1a: Gallade|Drain Punch|p2a: Shuckle
|-damage|p2a: Shuckle|72\/100
|-heal|p1a: Gallade|80\/100|[from] drain|[of] p2a: Shuckle
|move|p2a: Shuckle|Encore|p1a: Gallade
|-start|p1a: Gallade|Encore
|
|-heal|p2a: Shuckle|78\/100|[from] item: Leftovers
|upkeep
|turn|27
|choice|move drainpunch|switch 3
|
|switch|p2a: Rotom|Rotom-Mow, L79|91\/100
|move|p1a: Gallade|Drain Punch|p2a: Rotom
|-damage|p2a: Rotom|47\/100
|-heal|p1a: Gallade|99\/100|[from] drain|[of] p2a: Rotom
|
|upkeep
|turn|28
|choice|move drainpunch|move voltswitch
|
|move|p1a: Gallade|Drain Punch|p2a: Rotom
|-damage|p2a: Rotom|2\/100
|-heal|p1a: Gallade|100\/100|[from] drain|[of] p2a: Rotom
|move|p2a: Rotom|Volt Switch|p1a: Gallade
|-end|p1a: Gallade|Substitute
|-damage|p2a: Rotom|0 fnt|[from] item: Life Orb
|faint|p2a: Rotom
|
|upkeep
|choice||switch 6
|
|switch|p2a: Cryogonal|Cryogonal, L79|39\/100
|turn|29
|choice|move drainpunch|move icebeam
|
|move|p2a: Cryogonal|Ice Beam|p1a: Gallade
|-damage|p1a: Gallade|67\/100
|move|p1a: Gallade|Drain Punch|p2a: Cryogonal
|-supereffective|p2a: Cryogonal
|-damage|p2a: Cryogonal|0 fnt
|-heal|p1a: Gallade|89\/100|[from] drain|[of] p2a: Cryogonal
|faint|p2a: Cryogonal
|
|-end|p1a: Gallade|Encore
|upkeep
|choice||switch 3
|
|switch|p2a: Shuckle|Shuckle, L79, M|78\/100
|turn|30
|choice|move substitute|move infestation
|
|move|p1a: Gallade|Substitute|p1a: Gallade
|-start|p1a: Gallade|Substitute
|-damage|p1a: Gallade|64\/100
|move|p2a: Shuckle|Infestation|p1a: Gallade
|-activate|p1a: Gallade|move: Substitute|[damage]
|
|-heal|p2a: Shuckle|84\/100|[from] item: Leftovers
|upkeep
|turn|31
|choice|move drainpunch|move infestation
|
|move|p1a: Gallade|Drain Punch|p2a: Shuckle
|-damage|p2a: Shuckle|56\/100
|-heal|p1a: Gallade|74\/100|[from] drain|[of] p2a: Shuckle
|move|p2a: Shuckle|Infestation|p1a: Gallade
|-activate|p1a: Gallade|move: Substitute|[damage]
|
|-heal|p2a: Shuckle|63\/100|[from] item: Leftovers
|upkeep
|turn|32
|choice|move drainpunch|move infestation
|
|move|p1a: Gallade|Drain Punch|p2a: Shuckle
|-damage|p2a: Shuckle|32\/100
|-heal|p1a: Gallade|85\/100|[from] drain|[of] p2a: Shuckle
|move|p2a: Shuckle|Infestation|p1a: Gallade
|-activate|p1a: Gallade|move: Substitute|[damage]
|
|-heal|p2a: Shuckle|38\/100|[from] item: Leftovers
|upkeep
|turn|33
|choice|move drainpunch|move knockoff
|
|move|p1a: Gallade|Drain Punch|p2a: Shuckle
|-crit|p2a: Shuckle
|-damage|p2a: Shuckle|0 fnt
|-heal|p1a: Gallade|99\/100|[from] drain|[of] p2a: Shuckle
|faint|p2a: Shuckle
|
|win|OsmarMR
|raw|OsmarMR's rating: 1731 &rarr; <strong>1746<\/strong><br \/>(+15 for winning)
|raw|ShirtPantsShoes's rating: 1647 &rarr; <strong>1631<\/strong><br \/>(-16 for losing)</script>
</div>
<div class="battle-log battle-log-inline"><div class="inner"><div class="chat"><small>OsmarMR joined.</small></div><div class="chat"><small>ShirtPantsShoes joined.</small></div><div style="padding:5px 0"><small>Format:</small> <br><strong>[Gen 7] Random Battle</strong></div><div class="rated"><strong>Rated battle</strong></div><div><small><em>Sleep Clause Mod:</em> Limit one foe put to sleep</small></div><div><small><em>HP Percentage Mod:</em> HP is shown in percentages</small></div><div>Battle between OsmarMR and ShirtPantsShoes started!</div><div class="spacer"></div><div>Go! Heatmor!</div><div class="spacer"></div><div>ShirtPantsShoes sent out Pidgeot!</div><h2>Turn 1</h2><div class="spacer"></div><div><small>The opposing <span class="battle-nickname-foe" title="Pidgeot-Mega">Pidgeot</span>'s Pidgeotite is reacting to ShirtPantsShoes's Mega Bracelet!<br>The opposing <span class="battle-nickname-foe" title="Pidgeot-Mega">Pidgeot</span> has Mega Evolved into Mega Pidgeot!</small></div><div class="spacer"></div><div>The opposing <span class="battle-nickname-foe" title="Pidgeot-Mega">Pidgeot</span> used <strong>Hurricane</strong>!</div><div><small><span class="battle-nickname" title="Heatmor">Heatmor</span> lost 58% of its health!</small><br></div><div class="spacer"></div><div><span class="battle-nickname" title="Heatmor">Heatmor</span> used <strong>Fire Blast</strong>!</div><div><small>The opposing <span class="battle-nickname-foe" title="Pidgeot-Mega">Pidgeot</span> lost 70% of its health!</small><br></div><div><small><span class="battle-nickname" title="Heatmor">Heatmor</span> lost some of its HP!</small></div><h2>Turn 2</h2><div class="spacer"></div><div><span class="battle-nickname" title="Heatmor">Heatmor</span> used <strong>Sucker Punch</strong>!</div><div><small>The opposing <span class="battle-nickname-foe" title="Pidgeot-Mega">Pidgeot</span> lost 30% of its health!</small><br></div><div><small><span class="battle-nickname" title="Heatmor">Heatmor</span> lost some of its HP!</small></div><div class="spacer"></div><div>The opposing <span class="battle-nickname-foe" title="Pidgeot-Mega">Pidgeot</span> fainted!</div><div class="spacer"></div><div>ShirtPantsShoes sent out Reshiram!</div><div><small>[Opposing <span class="battle-nickname-foe" title="Reshiram">Reshiram</span>'s Turboblaze!]</small></div><div><small>The opposing <span class="battle-nickname-foe" title="Reshiram">Reshiram</span> is radiating a blazing aura!</small></div><h2>Turn 3</h2><div class="spacer"></div><div>The opposing <span class="battle-nickname-foe" title="Reshiram">Reshiram</span> used <strong>Dragon Pulse</strong>!</div><div><small><span class="battle-nickname" title="Heatmor">Heatmor</span> lost 23% of its health!</small><br></div><div class="spacer"></div><div><span class="battle-nickname" title="Heatmor">Heatmor</span> fainted!</div><div class="spacer"></div><div>Go! Rayquaza!</div><div><small>[<span class="battle-nickname" title="Rayquaza">Rayquaza</span>'s Air Lock!]</small></div><div><small>The effects of the weather disappeared.</small></div><h2>Turn 4</h2><div class="spacer"></div><div><span class="battle-nickname" title="Rayquaza">Rayquaza</span> used <strong>Draco Meteor</strong>!</div><div><small>It's super effective! </small><small>The opposing <span class="battle-nickname-foe" title="Reshiram">Reshiram</span> lost 100% of its health!</small><br></div><div><small><span class="battle-nickname" title="Rayquaza">Rayquaza</span>'s Special Attack fell harshly! </small></div><div><small><span class="battle-nickname" title="Rayquaza">Rayquaza</span> lost some of its HP!</small></div><div class="spacer"></div><div>The opposing <span class="battle-nickname-foe" title="Reshiram">Reshiram</span> fainted!</div><div class="spacer"></div><div>ShirtPantsShoes sent out Shuckle!</div><h2>Turn 5</h2><div class="spacer"></div><div><span class="battle-nickname" title="Rayquaza">Rayquaza</span>, come back!</div><div class="spacer"></div><div>Go! Charizard!</div><div class="spacer"></div><div>The opposing <span class="battle-nickname-foe" title="Shuckle">Shuckle</span> used <strong>Knock Off</strong>!</div><div><small><span class="battle-nickname" title="Charizard">Charizard</span> lost 5% of its health!</small><br></div><h2>Turn 6</h2><div class="spacer"></div><div><span class="battle-nickname" title="Charizard">Charizard</span> used <strong>Flame Charge</strong>!</div><div><small>The opposing <span class="battle-nickname-foe" title="Shuckle">Shuckle</span> lost 11% of its health!</small><br></div><div><small><span class="battle-nickname" title="Charizard">Charizard</span>'s Speed rose! </small></div><div class="spacer"></div><div>The opposing <span class="battle-nickname-foe" title="Shuckle">Shuckle</span> used <strong>Stealth Rock</strong>!</div><div><small>Pointed stones float in the air around your team!</small></div><div class="spacer"></div><div><small>The opposing <span class="battle-nickname-foe" title="Shuckle">Shuckle</span> restored a little HP using its Leftovers!</small></div><h2>Turn 7</h2><div class="spacer"></div><div><span class="battle-nickname" title="Charizard">Charizard</span> used <strong>Swords Dance</strong>!</div><div><small><span class="battle-nickname" title="Charizard">Charizard</span>'s Attack rose sharply! </small></div><div class="spacer"></div><div>The opposing <span class="battle-nickname-foe" title="Shuckle">Shuckle</span> used <strong>Encore</strong>!</div><div><small><span class="battle-nickname" title="Charizard">Charizard</span> received an encore!</small></div><div class="spacer"></div><div><small>The opposing <span class="battle-nickname-foe" title="Shuckle">Shuckle</span> restored a little HP using its Leftovers!</small></div><h2>Turn 8</h2><div class="spacer"></div><div>ShirtPantsShoes withdrew Shuckle!</div><div class="spacer"></div><div>ShirtPantsShoes sent out Dhelmise!</div><div class="spacer"></div><div><span class="battle-nickname" title="Charizard">Charizard</span> used <strong>Swords Dance</strong>!</div><div><small><span class="battle-nickname" title="Charizard">Charizard</span>'s Attack rose sharply! </small></div><h2>Turn 9</h2><div class="spacer"></div><div><span class="battle-nickname" title="Charizard">Charizard</span> used <strong>Swords Dance</strong>!</div><div><small><span class="battle-nickname" title="Charizard">Charizard</span>'s Attack rose sharply! </small></div><div class="spacer"></div><div>The opposing <span class="battle-nickname-foe" title="Dhelmise">Dhelmise</span> used <strong>Swords Dance</strong>!</div><div><small>The opposing <span class="battle-nickname-foe" title="Dhelmise">Dhelmise</span>'s Attack rose sharply! </small></div><h2>Turn 10</h2><div class="spacer"></div><div><span class="battle-nickname" title="Charizard">Charizard</span> used <strong>Swords Dance</strong>!</div><div><small><span class="battle-nickname" title="Charizard">Charizard</span>'s Attack won't go any higher! </small></div><div class="spacer"></div><div>The opposing <span class="battle-nickname-foe" title="Dhelmise">Dhelmise</span> used <strong>Phantom Force</strong>!</div><div><small>The opposing <span class="battle-nickname-foe" title="Dhelmise">Dhelmise</span> vanished instantly!</small></div><div class="spacer"></div><div><small><span class="battle-nickname" title="Charizard">Charizard</span>'s encore ended!</small></div><h2>Turn 11</h2><div class="spacer"></div><div><span class="battle-nickname" title="Charizard">Charizard</span> used <strong>Air Slash</strong>!</div><div><small>The opposing <span class="battle-nickname-foe" title="Dhelmise">Dhelmise</span> avoided the attack!</small></div><div class="spacer"></div><div>The opposing <span class="battle-nickname-foe" title="Dhelmise">Dhelmise</span> used <strong>Phantom Force</strong>!</div><div><small><span class="battle-nickname" title="Charizard">Charizard</span> lost 95% of its health!</small><br></div><div><small>The opposing <span class="battle-nickname-foe" title="Dhelmise">Dhelmise</span> lost some of its HP!</small></div><div class="spacer"></div><div><span class="battle-nickname" title="Charizard">Charizard</span> fainted!</div><div class="spacer"></div><div>Go! Beartic!</div><div><small>Pointed stones dug into <span class="battle-nickname" title="Beartic">Beartic</span>!</small></div><h2>Turn 12</h2><div class="spacer"></div><div><span class="battle-nickname" title="Beartic">Beartic</span> used <strong>Icicle Crash</strong>!</div><div><small>It's super effective! </small><small>The opposing <span class="battle-nickname-foe" title="Dhelmise">Dhelmise</span> lost 90% of its health!</small><br></div><div class="spacer"></div><div>The opposing <span class="battle-nickname-foe" title="Dhelmise">Dhelmise</span> fainted!</div><div class="spacer"></div><div>ShirtPantsShoes sent out <span class="battle-nickname-foe" title="Rotom-Mow">Rotom <small>(Rotom-Mow)</small></span>!</div><h2>Turn 13</h2><div class="spacer"></div><div>The opposing <span class="battle-nickname-foe" title="Rotom-Mow">Rotom</span> used <strong>Volt Switch</strong>!</div><div><small><span class="battle-nickname" title="Beartic">Beartic</span> lost 39% of its health!</small><br></div><div><small>The opposing <span class="battle-nickname-foe" title="Rotom-Mow">Rotom</span> lost some of its HP!</small></div><div class="spacer"></div><div>The opposing <span class="battle-nickname-foe" title="Rotom-Mow">Rotom</span> went back to ShirtPantsShoes!</div><div class="spacer"></div><div>ShirtPantsShoes sent out Cryogonal!</div><div class="spacer"></div><div><span class="battle-nickname" title="Beartic">Beartic</span> used <strong>Icicle Crash</strong>!</div><div><small>It's not very effective... </small><small>The opposing <span class="battle-nickname-foe" title="Cryogonal">Cryogonal</span> lost 43% of its health!</small><br></div><div class="spacer"></div><div><small>The opposing <span class="battle-nickname-foe" title="Cryogonal">Cryogonal</span> restored a little HP using its Leftovers!</small></div><h2>Turn 14</h2><div class="spacer"></div><div>The opposing <span class="battle-nickname-foe" title="Cryogonal">Cryogonal</span> used <strong>Hidden Power</strong>!</div><div><small><span class="battle-nickname" title="Beartic">Beartic</span> lost 15% of its health!</small><br></div><div class="spacer"></div><div><span class="battle-nickname" title="Beartic">Beartic</span> used <strong>Icicle Crash</strong>!</div><div><small>It's not very effective... </small><small>The opposing <span class="battle-nickname-foe" title="Cryogonal">Cryogonal</span> lost 43% of its health!</small><br></div><div class="spacer"></div><div><small>The opposing <span class="battle-nickname-foe" title="Cryogonal">Cryogonal</span> restored a little HP using its Leftovers!</small></div><h2>Turn 15</h2><div class="spacer"></div><div>The opposing <span class="battle-nickname-foe" title="Cryogonal">Cryogonal</span> used <strong>Recover</strong>!</div><div><small>The opposing <span class="battle-nickname-foe" title="Cryogonal">Cryogonal</span> restored its HP.</small></div><div class="spacer"></div><div><span class="battle-nickname" title="Beartic">Beartic</span> used <strong>Icicle Crash</strong>!</div><div><small>It's not very effective... </small><small>The opposing <span class="battle-nickname-foe" title="Cryogonal">Cryogonal</span> lost 44% of its health!</small><br></div><div class="spacer"></div><div><small>The opposing <span class="battle-nickname-foe" title="Cryogonal">Cryogonal</span> restored a little HP using its Leftovers!</small></div><h2>Turn 16</h2><div class="spacer"></div><div>The opposing <span class="battle-nickname-foe" title="Cryogonal">Cryogonal</span> used <strong>Recover</strong>!</div><div><small>The opposing <span class="battle-nickname-foe" title="Cryogonal">Cryogonal</span> restored its HP.</small></div><div class="spacer"></div><div><span class="battle-nickname" title="Beartic">Beartic</span> used <strong>Icicle Crash</strong>!</div><div><small>It's not very effective... </small><small>The opposing <span class="battle-nickname-foe" title="Cryogonal">Cryogonal</span> lost 48% of its health!</small><br></div><div class="spacer"></div><div><small>The opposing <span class="battle-nickname-foe" title="Cryogonal">Cryogonal</span> restored a little HP using its Leftovers!</small></div><h2>Turn 17</h2><div class="spacer"></div><div>The opposing <span class="battle-nickname-foe" title="Cryogonal">Cryogonal</span> used <strong>Recover</strong>!</div><div><small>The opposing <span class="battle-nickname-foe" title="Cryogonal">Cryogonal</span> restored its HP.</small></div><div class="spacer"></div><div><span class="battle-nickname" title="Beartic">Beartic</span> used <strong>Icicle Crash</strong>!</div><div><small>It's not very effective... </small><small>The opposing <span class="battle-nickname-foe" title="Cryogonal">Cryogonal</span> lost 47% of its health!</small><br></div><div class="spacer"></div><div><small>The opposing <span class="battle-nickname-foe" title="Cryogonal">Cryogonal</span> restored a little HP using its Leftovers!</small></div><h2>Turn 18</h2><div class="spacer"></div><div>The opposing <span class="battle-nickname-foe" title="Cryogonal">Cryogonal</span> used <strong>Hidden Power</strong>!</div><div><small><span class="battle-nickname" title="Beartic">Beartic</span> lost 16% of its health!</small><br></div><div class="spacer"></div><div><span class="battle-nickname" title="Beartic">Beartic</span> used <strong>Icicle Crash</strong>!</div><div><small>It's not very effective... </small><small>The opposing <span class="battle-nickname-foe" title="Cryogonal">Cryogonal</span> lost 44% of its health!</small><br></div><div class="spacer"></div><div><small>The opposing <span class="battle-nickname-foe" title="Cryogonal">Cryogonal</span> restored a little HP using its Leftovers!</small></div><h2>Turn 19</h2><div class="spacer"></div><div>The opposing <span class="battle-nickname-foe" title="Cryogonal">Cryogonal</span> used <strong>Recover</strong>!</div><div><small>The opposing <span class="battle-nickname-foe" title="Cryogonal">Cryogonal</span> restored its HP.</small></div><div class="spacer"></div><div><span class="battle-nickname" title="Beartic">Beartic</span> used <strong>Icicle Crash</strong>!</div><div><small>It's not very effective... </small><small>The opposing <span class="battle-nickname-foe" title="Cryogonal">Cryogonal</span> lost 48% of its health!</small><br></div><div class="spacer"></div><div><small>The opposing <span class="battle-nickname-foe" title="Cryogonal">Cryogonal</span> restored a little HP using its Leftovers!</small></div><h2>Turn 20</h2><div class="spacer"></div><div>The opposing <span class="battle-nickname-foe" title="Cryogonal">Cryogonal</span> used <strong>Hidden Power</strong>!</div><div><small><span class="battle-nickname" title="Beartic">Beartic</span> lost 6% of its health!</small><br></div><div class="spacer"></div><div><span class="battle-nickname" title="Beartic">Beartic</span> fainted!</div><div class="spacer"></div><div><small>The opposing <span class="battle-nickname-foe" title="Cryogonal">Cryogonal</span> restored a little HP using its Leftovers!</small></div><div class="spacer"></div><div>Go! Rotom!</div><div><small>Pointed stones dug into <span class="battle-nickname" title="Rotom">Rotom</span>!</small></div><h2>Turn 21</h2><div class="spacer"></div><div>The opposing <span class="battle-nickname-foe" title="Cryogonal">Cryogonal</span> used <strong>Recover</strong>!</div><div><small>The opposing <span class="battle-nickname-foe" title="Cryogonal">Cryogonal</span> restored its HP.</small></div><div class="spacer"></div><div><span class="battle-nickname" title="Rotom">Rotom</span> used <strong>Shadow Ball</strong>!</div><div><small>A critical hit! </small><small>The opposing <span class="battle-nickname-foe" title="Cryogonal">Cryogonal</span> lost 52% of its health!</small><br></div><div class="spacer"></div><div><small>The opposing <span class="battle-nickname-foe" title="Cryogonal">Cryogonal</span> restored a little HP using its Leftovers!</small></div><h2>Turn 22</h2><div class="spacer"></div><div>The opposing <span class="battle-nickname-foe" title="Cryogonal">Cryogonal</span> used <strong>Recover</strong>!</div><div><small>The opposing <span class="battle-nickname-foe" title="Cryogonal">Cryogonal</span> restored its HP.</small></div><div class="spacer"></div><div><span class="battle-nickname" title="Rotom">Rotom</span> used <strong>Shadow Ball</strong>!</div><div><small>The opposing <span class="battle-nickname-foe" title="Cryogonal">Cryogonal</span> lost 33% of its health!</small><br></div><div class="spacer"></div><div><small>The opposing <span class="battle-nickname-foe" title="Cryogonal">Cryogonal</span> restored a little HP using its Leftovers!</small></div><h2>Turn 23</h2><div class="spacer"></div><div>The opposing <span class="battle-nickname-foe" title="Cryogonal">Cryogonal</span> used <strong>Ice Beam</strong>!</div><div><small><span class="battle-nickname" title="Rotom">Rotom</span> lost 49% of its health!</small><br></div><div><small><span class="battle-nickname" title="Rotom">Rotom</span> was frozen solid!</small></div><div><small><span class="battle-nickname" title="Rotom">Rotom</span> thawed out!</small></div><div class="spacer"></div><div><span class="battle-nickname" title="Rotom">Rotom</span> used <strong>Shadow Ball</strong>!</div><div><small>The opposing <span class="battle-nickname-foe" title="Cryogonal">Cryogonal</span> lost 31% of its health!</small><br></div><div class="spacer"></div><div><small>The opposing <span class="battle-nickname-foe" title="Cryogonal">Cryogonal</span> restored a little HP using its Leftovers!</small></div><h2>Turn 24</h2><div class="spacer"></div><div>The opposing <span class="battle-nickname-foe" title="Cryogonal">Cryogonal</span> used <strong>Ice Beam</strong>!</div><div><small><span class="battle-nickname" title="Rotom">Rotom</span> lost 39% of its health!</small><br></div><div class="spacer"></div><div><span class="battle-nickname" title="Rotom">Rotom</span> fainted!</div><div class="spacer"></div><div><small>The opposing <span class="battle-nickname-foe" title="Cryogonal">Cryogonal</span> restored a little HP using its Leftovers!</small></div><div class="spacer"></div><div>Go! Gallade!</div><div><small>Pointed stones dug into <span class="battle-nickname" title="Gallade">Gallade</span>!</small></div><h2>Turn 25</h2><div class="spacer"></div><div>ShirtPantsShoes withdrew Cryogonal!</div><div class="spacer"></div><div>ShirtPantsShoes sent out Shuckle!</div><div class="spacer"></div><div><small><span class="battle-nickname" title="Gallade-Mega">Gallade</span>'s Galladite is reacting to OsmarMR's Mega Bracelet!<br><span class="battle-nickname" title="Gallade-Mega">Gallade</span> has Mega Evolved into Mega Gallade!</small></div><div class="spacer"></div><div><span class="battle-nickname" title="Gallade-Mega">Gallade</span> used <strong>Substitute</strong>!</div><div><small><span class="battle-nickname" title="Gallade-Mega">Gallade</span> put in a substitute!</small></div><div><small><span class="battle-nickname" title="Gallade-Mega">Gallade</span> lost 24% of its health!</small><br></div><h2>Turn 26</h2><div class="spacer"></div><div><span class="battle-nickname" title="Gallade-Mega">Gallade</span> used <strong>Drain Punch</strong>!</div><div><small>The opposing <span class="battle-nickname-foe" title="Shuckle">Shuckle</span> lost 28% of its health!</small><br></div><div><small>The opposing <span class="battle-nickname-foe" title="Shuckle">Shuckle</span> had its energy drained!</small></div><div class="spacer"></div><div>The opposing <span class="battle-nickname-foe" title="Shuckle">Shuckle</span> used <strong>Encore</strong>!</div><div><small><span class="battle-nickname" title="Gallade-Mega">Gallade</span> received an encore!</small></div><div class="spacer"></div><div><small>The opposing <span class="battle-nickname-foe" title="Shuckle">Shuckle</span> restored a little HP using its Leftovers!</small></div><h2>Turn 27</h2><div class="spacer"></div><div>ShirtPantsShoes withdrew Shuckle!</div><div class="spacer"></div><div>ShirtPantsShoes sent out <span class="battle-nickname-foe" title="Rotom-Mow">Rotom <small>(Rotom-Mow)</small></span>!</div><div class="spacer"></div><div><span class="battle-nickname" title="Gallade-Mega">Gallade</span> used <strong>Drain Punch</strong>!</div><div><small>The opposing <span class="battle-nickname-foe" title="Rotom-Mow">Rotom</span> lost 44% of its health!</small><br></div><div><small>The opposing <span class="battle-nickname-foe" title="Rotom-Mow">Rotom</span> had its energy drained!</small></div><h2>Turn 28</h2><div class="spacer"></div><div><span class="battle-nickname" title="Gallade-Mega">Gallade</span> used <strong>Drain Punch</strong>!</div><div><small>The opposing <span class="battle-nickname-foe" title="Rotom-Mow">Rotom</span> lost 45% of its health!</small><br></div><div><small>The opposing <span class="battle-nickname-foe" title="Rotom-Mow">Rotom</span> had its energy drained!</small></div><div class="spacer"></div><div>The opposing <span class="battle-nickname-foe" title="Rotom-Mow">Rotom</span> used <strong>Volt Switch</strong>!</div><div><small><span class="battle-nickname" title="Gallade-Mega">Gallade</span>'s substitute faded!</small></div><div><small>The opposing <span class="battle-nickname-foe" title="Rotom-Mow">Rotom</span> lost some of its HP!</small></div><div class="spacer"></div><div>The opposing <span class="battle-nickname-foe" title="Rotom-Mow">Rotom</span> fainted!</div><div class="spacer"></div><div>ShirtPantsShoes sent out Cryogonal!</div><h2>Turn 29</h2><div class="spacer"></div><div>The opposing <span class="battle-nickname-foe" title="Cryogonal">Cryogonal</span> used <strong>Ice Beam</strong>!</div><div><small><span class="battle-nickname" title="Gallade-Mega">Gallade</span> lost 33% of its health!</small><br></div><div class="spacer"></div><div><span class="battle-nickname" title="Gallade-Mega">Gallade</span> used <strong>Drain Punch</strong>!</div><div><small>It's super effective! </small><small>The opposing <span class="battle-nickname-foe" title="Cryogonal">Cryogonal</span> lost 39% of its health!</small><br></div><div><small>The opposing <span class="battle-nickname-foe" title="Cryogonal">Cryogonal</span> had its energy drained!</small></div><div class="spacer"></div><div>The opposing <span class="battle-nickname-foe" title="Cryogonal">Cryogonal</span> fainted!</div><div class="spacer"></div><div><small><span class="battle-nickname" title="Gallade-Mega">Gallade</span>'s encore ended!</small></div><div class="spacer"></div><div>ShirtPantsShoes sent out Shuckle!</div><h2>Turn 30</h2><div class="spacer"></div><div><span class="battle-nickname" title="Gallade-Mega">Gallade</span> used <strong>Substitute</strong>!</div><div><small><span class="battle-nickname" title="Gallade-Mega">Gallade</span> put in a substitute!</small></div><div><small><span class="battle-nickname" title="Gallade-Mega">Gallade</span> lost 25% of its health!</small><br></div><div class="spacer"></div><div>The opposing <span class="battle-nickname-foe" title="Shuckle">Shuckle</span> used <strong>Infestation</strong>!</div><div><small>The substitute took damage for <span class="battle-nickname" title="Gallade-Mega">Gallade</span>!</small></div><div class="spacer"></div><div><small>The opposing <span class="battle-nickname-foe" title="Shuckle">Shuckle</span> restored a little HP using its Leftovers!</small></div><h2>Turn 31</h2><div class="spacer"></div><div><span class="battle-nickname" title="Gallade-Mega">Gallade</span> used <strong>Drain Punch</strong>!</div><div><small>The opposing <span class="battle-nickname-foe" title="Shuckle">Shuckle</span> lost 28% of its health!</small><br></div><div><small>The opposing <span class="battle-nickname-foe" title="Shuckle">Shuckle</span> had its energy drained!</small></div><div class="spacer"></div><div>The opposing <span class="battle-nickname-foe" title="Shuckle">Shuckle</span> used <strong>Infestation</strong>!</div><div><small>The substitute took damage for <span class="battle-nickname" title="Gallade-Mega">Gallade</span>!</small></div><div class="spacer"></div><div><small>The opposing <span class="battle-nickname-foe" title="Shuckle">Shuckle</span> restored a little HP using its Leftovers!</small></div><h2>Turn 32</h2><div class="spacer"></div><div><span class="battle-nickname" title="Gallade-Mega">Gallade</span> used <strong>Drain Punch</strong>!</div><div><small>The opposing <span class="battle-nickname-foe" title="Shuckle">Shuckle</span> lost 31% of its health!</small><br></div><div><small>The opposing <span class="battle-nickname-foe" title="Shuckle">Shuckle</span> had its energy drained!</small></div><div class="spacer"></div><div>The opposing <span class="battle-nickname-foe" title="Shuckle">Shuckle</span> used <strong>Infestation</strong>!</div><div><small>The substitute took damage for <span class="battle-nickname" title="Gallade-Mega">Gallade</span>!</small></div><div class="spacer"></div><div><small>The opposing <span class="battle-nickname-foe" title="Shuckle">Shuckle</span> restored a little HP using its Leftovers!</small></div><h2>Turn 33</h2><div class="spacer"></div><div><span class="battle-nickname" title="Gallade-Mega">Gallade</span> used <strong>Drain Punch</strong>!</div><div><small>A critical hit! </small><small>The opposing <span class="battle-nickname-foe" title="Shuckle">Shuckle</span> lost 38% of its health!</small><br></div><div><small>The opposing <span class="battle-nickname-foe" title="Shuckle">Shuckle</span> had its energy drained!</small></div><div class="spacer"></div><div>The opposing <span class="battle-nickname-foe" title="Shuckle">Shuckle</span> fainted!</div><div class="spacer"></div><div>OsmarMR won the battle!</div><div class="chat">OsmarMR's rating: 1731 → <strong>1746</strong><br>(+15 for winning)</div><div class="chat">ShirtPantsShoes's rating: 1647 → <strong>1631</strong><br>(-16 for losing)</div></div></div>
</div>
<script>
var daily = Math.floor(Date.now()/1000/60/60/24);document.write('<script src="https://play.pokemonshowdown.com/js/replay-embed.js?version'+daily+'"></'+'script>');
</script>
