<!DOCTYPE html>
<meta charset="utf-8" />
<!-- version 1 -->
<title>[Gen 7] Random Battle replay: Mariostern1 vs. fvf</title>
<style>
html,body {font-family:Verdana, sans-serif;font-size:10pt;margin:0;padding:0;}body{padding:12px 0;} .battle-log {font-family:Verdana, sans-serif;font-size:10pt;} .battle-log-inline {border:1px solid #AAAAAA;background:#EEF2F5;color:black;max-width:640px;margin:0 auto 80px;padding-bottom:5px;} .battle-log .inner {padding:4px 8px 0px 8px;} .battle-log .inner-preempt {padding:0 8px 4px 8px;} .battle-log .inner-after {margin-top:0.5em;} .battle-log h2 {margin:0.5em -8px;padding:4px 8px;border:1px solid #AAAAAA;background:#E0E7EA;border-left:0;border-right:0;font-family:Verdana, sans-serif;font-size:13pt;} .battle-log .chat {vertical-align:middle;padding:3px 0 3px 0;font-size:8pt;} .battle-log .chat strong {color:#40576A;} .battle-log .chat em {padding:1px 4px 1px 3px;color:#000000;font-style:normal;} .chat.mine {background:rgba(0,0,0,0.05);margin-left:-8px;margin-right:-8px;padding-left:8px;padding-right:8px;} .spoiler {color:#BBBBBB;background:#BBBBBB;padding:0px 3px;} .spoiler:hover, .spoiler:active, .spoiler-shown {color:#000000;background:#E2E2E2;padding:0px 3px;} .spoiler a {color:#BBBBBB;} .spoiler:hover a, .spoiler:active a, .spoiler-shown a {color:#2288CC;} .chat code, .chat .spoiler:hover code, .chat .spoiler:active code, .chat .spoiler-shown code {border:1px solid #C0C0C0;background:#EEEEEE;color:black;padding:0 2px;} .chat .spoiler code {border:1px solid #CCCCCC;background:#CCCCCC;color:#CCCCCC;} .battle-log .rated {padding:3px 4px;} .battle-log .rated strong {color:white;background:#89A;padding:1px 4px;border-radius:4px;} .spacer {margin-top:0.5em;} .message-announce {background:#6688AA;color:white;padding:1px 4px 2px;} .message-announce a, .broadcast-green a, .broadcast-blue a, .broadcast-red a {color:#DDEEFF;} .broadcast-green {background-color:#559955;color:white;padding:2px 4px;} .broadcast-blue {background-color:#6688AA;color:white;padding:2px 4px;} .infobox {border:1px solid #6688AA;padding:2px 4px;} .infobox-limited {max-height:200px;overflow:auto;overflow-x:hidden;} .broadcast-red {background-color:#AA5544;color:white;padding:2px 4px;} .message-learn-canlearn {font-weight:bold;color:#228822;text-decoration:underline;} .message-learn-cannotlearn {font-weight:bold;color:#CC2222;text-decoration:underline;} .message-effect-weak {font-weight:bold;color:#CC2222;} .message-effect-resist {font-weight:bold;color:#6688AA;} .message-effect-immune {font-weight:bold;color:#666666;} .message-learn-list {margin-top:0;margin-bottom:0;} .message-throttle-notice, .message-error {color:#992222;} .message-overflow, .chat small.message-overflow {font-size:0pt;} .message-overflow::before {font-size:9pt;content:'...';} .subtle {color:#3A4A66;}
</style>
<div class="wrapper replay-wrapper" style="max-width:1180px;margin:0 auto">
<input type="hidden" name="replayid" value="gen7randombattle-566914653" />
<div class="battle"></div><div class="battle-log"></div><div class="replay-controls"></div><div class="replay-controls-2"></div>
<h1 style="font-weight:normal;text-align:center"><strong>[Gen 7] Random Battle</strong><br /><a href="http://pokemonshowdown.com/users/mariostern1" class="subtle" target="_blank">Mariostern1</a> vs. <a href="http://pokemonshowdown.com/users/fvf" class="subtle" target="_blank">fvf</a></h1>
<script type="text/plain" class="battle-log-data">|j|Mariostern1
|j|fvf
|player|p1|Mariostern1|101
|player|p2|fvf|102
|gametype|singles
|gen|7
|tier|[Gen 7] Random Battle
|rated
|seed|32673,49121,14794,372,36135,2842,5500,63624,19754,44179,46520,45227
|rule|Sleep Clause Mod: Limit one foe put to sleep
|rule|HP Percentage Mod: HP is shown in percentages
|
|start
|switch|p1a: Kommo-o|Kommo-o, L79, M|100\/100
|switch|p2a: Azelf|Azelf, L77|100\/100
|turn|1
|choice|switch 2|move psyshock
|
|switch|p1a: Kricketune|Kricketune, L79, M|100\/100
|move|p2a: Azelf|Psyshock|p1a: Kricketune
|-damage|p1a: Kricketune|48\/100
|
|-heal|p1a: Kricketune|53\/100|[from] item: Leftovers
|upkeep
|turn|2
|choice|move leechlife|switch 2
|
|switch|p2a: Pelipper|Pelipper, L75, M|100\/100
|-weather|RainDance|[from] ability: Drizzle|[of] p2a: Pelipper
|move|p1a: Kricketune|Leech Life|p2a: Pelipper
|-resisted|p2a: Pelipper
|-damage|p2a: Pelipper|84\/100
|-heal|p1a: Kricketune|61\/100|[from] drain|[of] p2a: Pelipper
|
|-weather|RainDance|[upkeep]
|-heal|p1a: Kricketune|67\/100|[from] item: Leftovers
|-heal|p2a: Pelipper|90\/100|[from] item: Leftovers
|upkeep
|turn|3
|inactive|Battle timer is ON: inactive players will automatically lose when time's up. (requested by Mariostern1)
|choice|move knockoff|move scald
|
|move|p1a: Kricketune|Knock Off|p2a: Pelipper
|-damage|p2a: Pelipper|65\/100
|-enditem|p2a: Pelipper|Leftovers|[from] move: Knock Off|[of] p1a: Kricketune
|move|p2a: Pelipper|Scald|p1a: Kricketune
|-damage|p1a: Kricketune|1\/100
|
|-weather|RainDance|[upkeep]
|-heal|p1a: Kricketune|7\/100|[from] item: Leftovers
|upkeep
|turn|4
|choice|move taunt|move scald
|
|move|p1a: Kricketune|Taunt|p2a: Pelipper
|-start|p2a: Pelipper|move: Taunt
|move|p2a: Pelipper|Scald|p1a: Kricketune
|-damage|p1a: Kricketune|0 fnt
|faint|p1a: Kricketune
|
|-weather|RainDance|[upkeep]
|upkeep
|choice|switch 2|
|
|switch|p1a: Kommo-o|Kommo-o, L79, M|100\/100
|turn|5
|choice|move dragondance|move scald
|
|move|p1a: Kommo-o|Dragon Dance|p1a: Kommo-o
|-boost|p1a: Kommo-o|atk|1
|-boost|p1a: Kommo-o|spe|1
|move|p2a: Pelipper|Scald|p1a: Kommo-o
|-resisted|p1a: Kommo-o
|-damage|p1a: Kommo-o|82\/100
|
|-weather|RainDance|[upkeep]
|upkeep
|turn|6
|choice|move dragondance|switch 5
|
|switch|p2a: Shiinotic|Shiinotic, L79, F|100\/100
|move|p1a: Kommo-o|Dragon Dance|p1a: Kommo-o
|-boost|p1a: Kommo-o|atk|1
|-boost|p1a: Kommo-o|spe|1
|
|-weather|none
|upkeep
|turn|7
|choice|move poisonjab|move spore
|
|move|p1a: Kommo-o|Poison Jab|p2a: Shiinotic
|-supereffective|p2a: Shiinotic
|-damage|p2a: Shiinotic|0 fnt
|faint|p2a: Shiinotic
|
|upkeep
|choice||switch 3
|
|switch|p2a: Slaking|Slaking, L79, F|100\/100
|turn|8
|choice|move skyuppercut|move retaliate
|
|move|p1a: Kommo-o|Sky Uppercut|p2a: Slaking
|-supereffective|p2a: Slaking
|-crit|p2a: Slaking
|-damage|p2a: Slaking|0 fnt
|faint|p2a: Slaking
|
|upkeep
|choice||switch 2
|
|switch|p2a: Azelf|Azelf, L77|100\/100
|turn|9
|choice|move outrage|move psyshock
|
|move|p1a: Kommo-o|Outrage|p2a: Azelf
|-enditem|p2a: Azelf|Focus Sash
|-damage|p2a: Azelf|1\/100
|move|p2a: Azelf|Psyshock|p1a: Kommo-o
|-supereffective|p1a: Kommo-o
|-damage|p1a: Kommo-o|30\/100
|
|upkeep
|turn|10
|choice|move outrage|move explosion
|
|move|p1a: Kommo-o|Outrage|p2a: Azelf|[from]lockedmove
|-crit|p2a: Azelf
|-damage|p2a: Azelf|0 fnt
|faint|p2a: Azelf
|
|upkeep
|choice||switch 5
|
|switch|p2a: Pelipper|Pelipper, L75, M|65\/100
|-weather|RainDance|[from] ability: Drizzle|[of] p2a: Pelipper
|turn|11
|choice|move outrage|move scald
|
|move|p1a: Kommo-o|Outrage|p2a: Pelipper|[from]lockedmove
|-damage|p2a: Pelipper|0 fnt
|-start|p1a: Kommo-o|confusion|[fatigue]
|faint|p2a: Pelipper
|-enditem|p1a: Kommo-o|Lum Berry|[eat]
|-end|p1a: Kommo-o|confusion
|
|-weather|RainDance|[upkeep]
|upkeep
|choice||switch 4
|
|switch|p2a: Drampa|Drampa, L79, F|100\/100
|turn|12
|choice|move outrage|move dracometeor
|
|move|p1a: Kommo-o|Outrage|p2a: Drampa
|-supereffective|p2a: Drampa
|-damage|p2a: Drampa|0 fnt
|faint|p2a: Drampa
|
|-weather|RainDance|[upkeep]
|upkeep
|choice||switch 6
|
|switch|p2a: Tentacruel|Tentacruel, L77, M|100\/100
|turn|13
|choice|move outrage|move knockoff
|
|move|p1a: Kommo-o|Outrage|p2a: Tentacruel|[from]lockedmove
|-damage|p2a: Tentacruel|0 fnt
|-start|p1a: Kommo-o|confusion|[fatigue]
|faint|p2a: Tentacruel
|
|win|Mariostern1
|raw|Mariostern1's rating: 1393 &rarr; <strong>1411<\/strong><br \/>(+18 for winning)
|raw|fvf's rating: 1367 &rarr; <strong>1349<\/strong><br \/>(-18 for losing)
|l|fvf
|l|Mariostern1</script>
</div>
<div class="battle-log battle-log-inline"><div class="inner"><div class="chat"><small>Mariostern1 joined.</small></div><div class="chat"><small>fvf joined.</small></div><div style="padding:5px 0"><small>Format:</small> <br><strong>[Gen 7] Random Battle</strong></div><div class="rated"><strong>Rated battle</strong></div><div><small><em>Sleep Clause Mod:</em> Limit one foe put to sleep</small></div><div><small><em>HP Percentage Mod:</em> HP is shown in percentages</small></div><div>Battle between Mariostern1 and fvf started!</div><div class="spacer"></div><div>Go! Kommo-o!</div><div class="spacer"></div><div>fvf sent out Azelf!</div><h2>Turn 1</h2><div class="spacer"></div><div><span class="battle-nickname" title="Kommo-o">Kommo-o</span>, come back!</div><div class="spacer"></div><div>Go! Kricketune!</div><div class="spacer"></div><div>The opposing <span class="battle-nickname-foe" title="Azelf">Azelf</span> used <strong>Psyshock</strong>!</div><div><small><span class="battle-nickname" title="Kricketune">Kricketune</span> lost 52% of its health!</small><br></div><div class="spacer"></div><div><small><span class="battle-nickname" title="Kricketune">Kricketune</span> restored a little HP using its Leftovers!</small></div><h2>Turn 2</h2><div class="spacer"></div><div>fvf withdrew Azelf!</div><div class="spacer"></div><div>fvf sent out Pelipper!</div><div><small>[Opposing <span class="battle-nickname-foe" title="Pelipper">Pelipper</span>'s Drizzle!]</small></div><div><small>It started to rain!</small></div><div class="spacer"></div><div><span class="battle-nickname" title="Kricketune">Kricketune</span> used <strong>Leech Life</strong>!</div><div><small>It's not very effective... </small><small>The opposing <span class="battle-nickname-foe" title="Pelipper">Pelipper</span> lost 16% of its health!</small><br></div><div><small>The opposing <span class="battle-nickname-foe" title="Pelipper">Pelipper</span> had its energy drained!</small></div><div class="spacer"></div><div><small><span class="battle-nickname" title="Kricketune">Kricketune</span> restored a little HP using its Leftovers!</small></div><div><small>The opposing <span class="battle-nickname-foe" title="Pelipper">Pelipper</span> restored a little HP using its Leftovers!</small></div><h2>Turn 3</h2><div class="chat message-error">Battle timer is ON: inactive players will automatically lose when time's up. (requested by Mariostern1)</div><div class="spacer"></div><div><span class="battle-nickname" title="Kricketune">Kricketune</span> used <strong>Knock Off</strong>!</div><div><small>The opposing <span class="battle-nickname-foe" title="Pelipper">Pelipper</span> lost 25% of its health!</small><br></div><div><small><span class="battle-nickname" title="Kricketune">Kricketune</span> knocked off the opposing <span class="battle-nickname-foe" title="Pelipper">Pelipper</span>'s Leftovers!</small></div><div class="spacer"></div><div>The opposing <span class="battle-nickname-foe" title="Pelipper">Pelipper</span> used <strong>Scald</strong>!</div><div><small><span class="battle-nickname" title="Kricketune">Kricketune</span> lost 66% of its health!</small><br></div><div class="spacer"></div><div><small><span class="battle-nickname" title="Kricketune">Kricketune</span> restored a little HP using its Leftovers!</small></div><h2>Turn 4</h2><div class="spacer"></div><div><span class="battle-nickname" title="Kricketune">Kricketune</span> used <strong>Taunt</strong>!</div><div><small>The opposing <span class="battle-nickname-foe" title="Pelipper">Pelipper</span> fell for the taunt!</small></div><div class="spacer"></div><div>The opposing <span class="battle-nickname-foe" title="Pelipper">Pelipper</span> used <strong>Scald</strong>!</div><div><small><span class="battle-nickname" title="Kricketune">Kricketune</span> lost 7% of its health!</small><br></div><div class="spacer"></div><div><span class="battle-nickname" title="Kricketune">Kricketune</span> fainted!</div><div class="spacer"></div><div>Go! Kommo-o!</div><h2>Turn 5</h2><div class="spacer"></div><div><span class="battle-nickname" title="Kommo-o">Kommo-o</span> used <strong>Dragon Dance</strong>!</div><div><small><span class="battle-nickname" title="Kommo-o">Kommo-o</span>'s Attack rose! <span class="battle-nickname" title="Kommo-o">Kommo-o</span>'s Speed rose! </small></div><div class="spacer"></div><div>The opposing <span class="battle-nickname-foe" title="Pelipper">Pelipper</span> used <strong>Scald</strong>!</div><div><small>It's not very effective... </small><small><span class="battle-nickname" title="Kommo-o">Kommo-o</span> lost 18% of its health!</small><br></div><h2>Turn 6</h2><div class="spacer"></div><div>fvf withdrew Pelipper!</div><div class="spacer"></div><div>fvf sent out Shiinotic!</div><div class="spacer"></div><div><span class="battle-nickname" title="Kommo-o">Kommo-o</span> used <strong>Dragon Dance</strong>!</div><div><small><span class="battle-nickname" title="Kommo-o">Kommo-o</span>'s Attack rose! <span class="battle-nickname" title="Kommo-o">Kommo-o</span>'s Speed rose! </small></div><div class="spacer"></div><div><small>The rain stopped.</small></div><h2>Turn 7</h2><div class="spacer"></div><div><span class="battle-nickname" title="Kommo-o">Kommo-o</span> used <strong>Poison Jab</strong>!</div><div><small>It's super effective! </small><small>The opposing <span class="battle-nickname-foe" title="Shiinotic">Shiinotic</span> lost 100% of its health!</small><br></div><div class="spacer"></div><div>The opposing <span class="battle-nickname-foe" title="Shiinotic">Shiinotic</span> fainted!</div><div class="spacer"></div><div>fvf sent out Slaking!</div><h2>Turn 8</h2><div class="spacer"></div><div><span class="battle-nickname" title="Kommo-o">Kommo-o</span> used <strong>Sky Uppercut</strong>!</div><div><small>It's super effective! A critical hit! </small><small>The opposing <span class="battle-nickname-foe" title="Slaking">Slaking</span> lost 100% of its health!</small><br></div><div class="spacer"></div><div>The opposing <span class="battle-nickname-foe" title="Slaking">Slaking</span> fainted!</div><div class="spacer"></div><div>fvf sent out Azelf!</div><h2>Turn 9</h2><div class="spacer"></div><div><span class="battle-nickname" title="Kommo-o">Kommo-o</span> used <strong>Outrage</strong>!</div><div><small>The opposing <span class="battle-nickname-foe" title="Azelf">Azelf</span> hung on using its Focus Sash!</small></div><div><small>The opposing <span class="battle-nickname-foe" title="Azelf">Azelf</span> lost 99% of its health!</small><br></div><div class="spacer"></div><div>The opposing <span class="battle-nickname-foe" title="Azelf">Azelf</span> used <strong>Psyshock</strong>!</div><div><small>It's super effective! </small><small><span class="battle-nickname" title="Kommo-o">Kommo-o</span> lost 52% of its health!</small><br></div><h2>Turn 10</h2><div class="spacer"></div><div><span class="battle-nickname" title="Kommo-o">Kommo-o</span> used <strong>Outrage</strong>!</div><div><small>A critical hit! </small><small>The opposing <span class="battle-nickname-foe" title="Azelf">Azelf</span> lost 1% of its health!</small><br></div><div class="spacer"></div><div>The opposing <span class="battle-nickname-foe" title="Azelf">Azelf</span> fainted!</div><div class="spacer"></div><div>fvf sent out Pelipper!</div><div><small>[Opposing <span class="battle-nickname-foe" title="Pelipper">Pelipper</span>'s Drizzle!]</small></div><div><small>It started to rain!</small></div><h2>Turn 11</h2><div class="spacer"></div><div><span class="battle-nickname" title="Kommo-o">Kommo-o</span> used <strong>Outrage</strong>!</div><div><small>The opposing <span class="battle-nickname-foe" title="Pelipper">Pelipper</span> lost 65% of its health!</small><br></div><div><small><span class="battle-nickname" title="Kommo-o">Kommo-o</span> became confused due to fatigue!</small></div><div class="spacer"></div><div>The opposing <span class="battle-nickname-foe" title="Pelipper">Pelipper</span> fainted!</div><div><small><span class="battle-nickname" title="Kommo-o">Kommo-o</span> ate its Lum Berry!</small></div><div><small><span class="battle-nickname" title="Kommo-o">Kommo-o</span> snapped out of its confusion.</small></div><div class="spacer"></div><div>fvf sent out Drampa!</div><h2>Turn 12</h2><div class="spacer"></div><div><span class="battle-nickname" title="Kommo-o">Kommo-o</span> used <strong>Outrage</strong>!</div><div><small>It's super effective! </small><small>The opposing <span class="battle-nickname-foe" title="Drampa">Drampa</span> lost 100% of its health!</small><br></div><div class="spacer"></div><div>The opposing <span class="battle-nickname-foe" title="Drampa">Drampa</span> fainted!</div><div class="spacer"></div><div>fvf sent out Tentacruel!</div><h2>Turn 13</h2><div class="spacer"></div><div><span class="battle-nickname" title="Kommo-o">Kommo-o</span> used <strong>Outrage</strong>!</div><div><small>The opposing <span class="battle-nickname-foe" title="Tentacruel">Tentacruel</span> lost 100% of its health!</small><br></div><div><small><span class="battle-nickname" title="Kommo-o">Kommo-o</span> became confused due to fatigue!</small></div><div class="spacer"></div><div>The opposing <span class="battle-nickname-foe" title="Tentacruel">Tentacruel</span> fainted!</div><div class="spacer"></div><div>Mariostern1 won the battle!</div><div class="chat">Mariostern1's rating: 1393 → <strong>1411</strong><br>(+18 for winning)</div><div class="chat">fvf's rating: 1367 → <strong>1349</strong><br>(-18 for losing)</div><div class="chat"><small>fvf left.</small></div><div class="chat"><small>Mariostern1 left.</small></div></div></div>
</div>
<script>
var daily = Math.floor(Date.now()/1000/60/60/24);document.write('<script src="https://play.pokemonshowdown.com/js/replay-embed.js?version'+daily+'"></'+'script>');
</script>
