<!DOCTYPE html>
<meta charset="utf-8" />
<!-- version 1 -->
<title>[Gen 7] Random Battle replay: carltroll vs. The Gargler</title>
<style>
html,body {font-family:Verdana, sans-serif;font-size:10pt;margin:0;padding:0;}body{padding:12px 0;} .battle-log {font-family:Verdana, sans-serif;font-size:10pt;} .battle-log-inline {border:1px solid #AAAAAA;background:#EEF2F5;color:black;max-width:640px;margin:0 auto 80px;padding-bottom:5px;} .battle-log .inner {padding:4px 8px 0px 8px;} .battle-log .inner-preempt {padding:0 8px 4px 8px;} .battle-log .inner-after {margin-top:0.5em;} .battle-log h2 {margin:0.5em -8px;padding:4px 8px;border:1px solid #AAAAAA;background:#E0E7EA;border-left:0;border-right:0;font-family:Verdana, sans-serif;font-size:13pt;} .battle-log .chat {vertical-align:middle;padding:3px 0 3px 0;font-size:8pt;} .battle-log .chat strong {color:#40576A;} .battle-log .chat em {padding:1px 4px 1px 3px;color:#000000;font-style:normal;} .chat.mine {background:rgba(0,0,0,0.05);margin-left:-8px;margin-right:-8px;padding-left:8px;padding-right:8px;} .spoiler {color:#BBBBBB;background:#BBBBBB;padding:0px 3px;} .spoiler:hover, .spoiler:active, .spoiler-shown {color:#000000;background:#E2E2E2;padding:0px 3px;} .spoiler a {color:#BBBBBB;} .spoiler:hover a, .spoiler:active a, .spoiler-shown a {color:#2288CC;} .chat code, .chat .spoiler:hover code, .chat .spoiler:active code, .chat .spoiler-shown code {border:1px solid #C0C0C0;background:#EEEEEE;color:black;padding:0 2px;} .chat .spoiler code {border:1px solid #CCCCCC;background:#CCCCCC;color:#CCCCCC;} .battle-log .rated {padding:3px 4px;} .battle-log .rated strong {color:white;background:#89A;padding:1px 4px;border-radius:4px;} .spacer {margin-top:0.5em;} .message-announce {background:#6688AA;color:white;padding:1px 4px 2px;} .message-announce a, .broadcast-green a, .broadcast-blue a, .broadcast-red a {color:#DDEEFF;} .broadcast-green {background-color:#559955;color:white;padding:2px 4px;} .broadcast-blue {background-color:#6688AA;color:white;padding:2px 4px;} .infobox {border:1px solid #6688AA;padding:2px 4px;} .infobox-limited {max-height:200px;overflow:auto;overflow-x:hidden;} .broadcast-red {background-color:#AA5544;color:white;padding:2px 4px;} .message-learn-canlearn {font-weight:bold;color:#228822;text-decoration:underline;} .message-learn-cannotlearn {font-weight:bold;color:#CC2222;text-decoration:underline;} .message-effect-weak {font-weight:bold;color:#CC2222;} .message-effect-resist {font-weight:bold;color:#6688AA;} .message-effect-immune {font-weight:bold;color:#666666;} .message-learn-list {margin-top:0;margin-bottom:0;} .message-throttle-notice, .message-error {color:#992222;} .message-overflow, .chat small.message-overflow {font-size:0pt;} .message-overflow::before {font-size:9pt;content:'...';} .subtle {color:#3A4A66;}
</style>
<div class="wrapper replay-wrapper" style="max-width:1180px;margin:0 auto">
<input type="hidden" name="replayid" value="gen7randombattle-566986048" />
<div class="battle"></div><div class="battle-log"></div><div class="replay-controls"></div><div class="replay-controls-2"></div>
<h1 style="font-weight:normal;text-align:center"><strong>[Gen 7] Random Battle</strong><br /><a href="http://pokemonshowdown.com/users/carltroll" class="subtle" target="_blank">carltroll</a> vs. <a href="http://pokemonshowdown.com/users/thegargler" class="subtle" target="_blank">The Gargler</a></h1>
<script type="text/plain" class="battle-log-data">|j|carltroll
|j|The Gargler
|player|p1|carltroll|137
|player|p2|The Gargler|198
|gametype|singles
|gen|7
|tier|[Gen 7] Random Battle
|rated
|seed|54544,33608,49196,19668,3362,29101,8088,3727,16868,9611,15724,64147
|rule|Sleep Clause Mod: Limit one foe put to sleep
|rule|HP Percentage Mod: HP is shown in percentages
|
|start
|switch|p1a: Kingdra|Kingdra, L79, M|100\/100
|switch|p2a: Rapidash|Rapidash, L79, F|100\/100
|turn|1
|choice|move waterfall|switch 2
|
|switch|p2a: Quagsire|Quagsire, L79, M|100\/100
|move|p1a: Kingdra|Waterfall|p2a: Quagsire
|-immune|p2a: Quagsire|[msg]|[from] ability: Water Absorb
|
|upkeep
|turn|2
|choice|move outrage|move icebeam
|
|move|p1a: Kingdra|Outrage|p2a: Quagsire
|-damage|p2a: Quagsire|58\/100
|move|p2a: Quagsire|Ice Beam|p1a: Kingdra
|-damage|p1a: Kingdra|82\/100
|
|-heal|p2a: Quagsire|64\/100|[from] item: Leftovers
|upkeep
|turn|3
|choice|move outrage|move recover
|
|move|p1a: Kingdra|Outrage|p2a: Quagsire|[from]lockedmove
|-damage|p2a: Quagsire|24\/100
|-start|p1a: Kingdra|confusion|[fatigue]
|move|p2a: Quagsire|Recover|p2a: Quagsire
|-heal|p2a: Quagsire|74\/100
|
|-heal|p2a: Quagsire|80\/100|[from] item: Leftovers
|upkeep
|turn|4
|choice|move outrage|move icebeam
|
|-activate|p1a: Kingdra|confusion
|move|p1a: Kingdra|Outrage|p2a: Quagsire
|-damage|p2a: Quagsire|35\/100
|move|p2a: Quagsire|Ice Beam|p1a: Kingdra
|-damage|p1a: Kingdra|64\/100
|
|-heal|p2a: Quagsire|41\/100|[from] item: Leftovers
|upkeep
|turn|5
|choice|move outrage|move recover
|
|-activate|p1a: Kingdra|confusion
|move|p1a: Kingdra|Outrage|p2a: Quagsire|[from]lockedmove
|-damage|p2a: Quagsire|1\/100
|move|p2a: Quagsire|Recover|p2a: Quagsire
|-heal|p2a: Quagsire|51\/100
|
|-heal|p2a: Quagsire|57\/100|[from] item: Leftovers
|upkeep
|turn|6
|choice|move outrage|move recover
|
|-activate|p1a: Kingdra|confusion
|move|p1a: Kingdra|Outrage|p2a: Quagsire
|-damage|p2a: Quagsire|14\/100
|move|p2a: Quagsire|Recover|p2a: Quagsire
|-heal|p2a: Quagsire|64\/100
|
|-heal|p2a: Quagsire|70\/100|[from] item: Leftovers
|upkeep
|turn|7
|choice|move outrage|move recover
|
|-end|p1a: Kingdra|confusion
|move|p1a: Kingdra|Outrage|p2a: Quagsire|[from]lockedmove
|-damage|p2a: Quagsire|28\/100
|move|p2a: Quagsire|Recover|p2a: Quagsire
|-heal|p2a: Quagsire|78\/100
|
|-heal|p2a: Quagsire|84\/100|[from] item: Leftovers
|upkeep
|turn|8
|choice|move outrage|move icebeam
|
|move|p1a: Kingdra|Outrage|p2a: Quagsire|[from]lockedmove
|-damage|p2a: Quagsire|38\/100
|-start|p1a: Kingdra|confusion|[fatigue]
|move|p2a: Quagsire|Ice Beam|p1a: Kingdra
|-damage|p1a: Kingdra|48\/100
|
|-heal|p2a: Quagsire|44\/100|[from] item: Leftovers
|upkeep
|turn|9
|choice|switch 6|move recover
|
|switch|p1a: Altaria|Altaria, L75, F|100\/100
|-ability|p1a: Altaria|Cloud Nine
|move|p2a: Quagsire|Recover|p2a: Quagsire
|-heal|p2a: Quagsire|94\/100
|
|-heal|p2a: Quagsire|99\/100|[from] item: Leftovers
|upkeep
|turn|10
|choice|move dracometeor mega|move icebeam
|
|detailschange|p1a: Altaria|Altaria-Mega, L75, F
|-mega|p1a: Altaria|Altaria|Altarianite
|move|p1a: Altaria|Draco Meteor|p2a: Quagsire
|-damage|p2a: Quagsire|39\/100
|-unboost|p1a: Altaria|spa|2
|move|p2a: Quagsire|Ice Beam|p1a: Altaria
|-supereffective|p1a: Altaria
|-damage|p1a: Altaria|63\/100
|
|-heal|p2a: Quagsire|45\/100|[from] item: Leftovers
|upkeep
|turn|11
|choice|move dracometeor|move recover
|
|move|p1a: Altaria|Draco Meteor|p2a: Quagsire
|-damage|p2a: Quagsire|14\/100
|-unboost|p1a: Altaria|spa|2
|move|p2a: Quagsire|Recover|p2a: Quagsire
|-heal|p2a: Quagsire|64\/100
|
|-heal|p2a: Quagsire|70\/100|[from] item: Leftovers
|upkeep
|turn|12
|choice|move hypervoice|move icebeam
|
|move|p1a: Altaria|Hyper Voice|p2a: Quagsire
|-damage|p2a: Quagsire|54\/100
|move|p2a: Quagsire|Ice Beam|p1a: Altaria
|-supereffective|p1a: Altaria
|-damage|p1a: Altaria|28\/100
|
|-heal|p2a: Quagsire|60\/100|[from] item: Leftovers
|upkeep
|turn|13
|choice|move dracometeor|move icebeam
|
|move|p1a: Altaria|Draco Meteor|p2a: Quagsire
|-damage|p2a: Quagsire|41\/100
|-unboost|p1a: Altaria|spa|2
|move|p2a: Quagsire|Ice Beam|p1a: Altaria
|-supereffective|p1a: Altaria
|-damage|p1a: Altaria|0 fnt
|faint|p1a: Altaria
|
|-heal|p2a: Quagsire|47\/100|[from] item: Leftovers
|upkeep
|choice|switch 4|
|
|switch|p1a: Linoone|Linoone, L79, F|100\/100
|turn|14
|choice|move seedbomb|move encore
|
|move|p1a: Linoone|Seed Bomb|p2a: Quagsire
|-supereffective|p2a: Quagsire
|-damage|p2a: Quagsire|0 fnt
|faint|p2a: Quagsire
|
|upkeep
|choice||switch 4
|
|switch|p2a: Machamp|Machamp, L79, M|100\/100
|turn|15
|choice|switch 3|move dynamicpunch
|
|switch|p1a: Togedemaru|Togedemaru, L79, M|100\/100
|-item|p1a: Togedemaru|Air Balloon
|move|p2a: Machamp|Dynamic Punch|p1a: Togedemaru
|-supereffective|p1a: Togedemaru
|-damage|p1a: Togedemaru|0 fnt
|-enditem|p1a: Togedemaru|Air Balloon
|faint|p1a: Togedemaru
|
|upkeep
|choice|switch 2|
|
|switch|p1a: Kingdra|Kingdra, L79, M|100\/100
|turn|16
|choice|move nastyplot|move knockoff
|
|move|p1a: Kingdra|Nasty Plot|p1a: Kingdra
|-boost|p1a: Kingdra|spa|2
|move|p2a: Machamp|Knock Off|p1a: Kingdra
|-resisted|p1a: Kingdra
|replace|p1a: Zoroark|Zoroark, L79, F
|-end|p1a: Zoroark|Illusion
|-damage|p1a: Zoroark|78\/100
|-enditem|p1a: Zoroark|Life Orb|[from] move: Knock Off|[of] p2a: Machamp
|
|upkeep
|turn|17
|choice|move sludgebomb|move dynamicpunch
|
|move|p1a: Zoroark|Sludge Bomb|p2a: Machamp
|-damage|p2a: Machamp|45\/100
|move|p2a: Machamp|Dynamic Punch|p1a: Zoroark
|-supereffective|p1a: Zoroark
|-damage|p1a: Zoroark|0 fnt
|faint|p1a: Zoroark
|
|-heal|p2a: Machamp|52\/100|[from] item: Leftovers
|upkeep
|-message|carltroll forfeited.
|
|win|The Gargler
|l|carltroll</script>
</div>
<div class="battle-log battle-log-inline"><div class="inner"><div class="chat"><small>carltroll joined.</small></div><div class="chat"><small>The Gargler joined.</small></div><div style="padding:5px 0"><small>Format:</small> <br><strong>[Gen 7] Random Battle</strong></div><div class="rated"><strong>Rated battle</strong></div><div><small><em>Sleep Clause Mod:</em> Limit one foe put to sleep</small></div><div><small><em>HP Percentage Mod:</em> HP is shown in percentages</small></div><div>Battle between carltroll and The Gargler started!</div><div class="spacer"></div><div>Go! Kingdra!</div><div class="spacer"></div><div>The Gargler sent out Rapidash!</div><h2>Turn 1</h2><div class="spacer"></div><div>The Gargler withdrew Rapidash!</div><div class="spacer"></div><div>The Gargler sent out Quagsire!</div><div class="spacer"></div><div><span class="battle-nickname" title="Kingdra">Kingdra</span> used <strong>Waterfall</strong>!</div><div><small>[Opposing <span class="battle-nickname-foe" title="Quagsire">Quagsire</span>'s Water Absorb!]</small></div><div><small>It doesn't affect the opposing <span class="battle-nickname-foe" title="Quagsire">Quagsire</span>... </small></div><h2>Turn 2</h2><div class="spacer"></div><div><span class="battle-nickname" title="Kingdra">Kingdra</span> used <strong>Outrage</strong>!</div><div><small>The opposing <span class="battle-nickname-foe" title="Quagsire">Quagsire</span> lost 42% of its health!</small><br></div><div class="spacer"></div><div>The opposing <span class="battle-nickname-foe" title="Quagsire">Quagsire</span> used <strong>Ice Beam</strong>!</div><div><small><span class="battle-nickname" title="Kingdra">Kingdra</span> lost 18% of its health!</small><br></div><div class="spacer"></div><div><small>The opposing <span class="battle-nickname-foe" title="Quagsire">Quagsire</span> restored a little HP using its Leftovers!</small></div><h2>Turn 3</h2><div class="spacer"></div><div><span class="battle-nickname" title="Kingdra">Kingdra</span> used <strong>Outrage</strong>!</div><div><small>The opposing <span class="battle-nickname-foe" title="Quagsire">Quagsire</span> lost 40% of its health!</small><br></div><div><small><span class="battle-nickname" title="Kingdra">Kingdra</span> became confused due to fatigue!</small></div><div class="spacer"></div><div>The opposing <span class="battle-nickname-foe" title="Quagsire">Quagsire</span> used <strong>Recover</strong>!</div><div><small>The opposing <span class="battle-nickname-foe" title="Quagsire">Quagsire</span> restored its HP.</small></div><div class="spacer"></div><div><small>The opposing <span class="battle-nickname-foe" title="Quagsire">Quagsire</span> restored a little HP using its Leftovers!</small></div><h2>Turn 4</h2><div class="spacer"></div><div><small><span class="battle-nickname" title="Kingdra">Kingdra</span> is confused!</small></div><div class="spacer"></div><div><span class="battle-nickname" title="Kingdra">Kingdra</span> used <strong>Outrage</strong>!</div><div><small>The opposing <span class="battle-nickname-foe" title="Quagsire">Quagsire</span> lost 45% of its health!</small><br></div><div class="spacer"></div><div>The opposing <span class="battle-nickname-foe" title="Quagsire">Quagsire</span> used <strong>Ice Beam</strong>!</div><div><small><span class="battle-nickname" title="Kingdra">Kingdra</span> lost 18% of its health!</small><br></div><div class="spacer"></div><div><small>The opposing <span class="battle-nickname-foe" title="Quagsire">Quagsire</span> restored a little HP using its Leftovers!</small></div><h2>Turn 5</h2><div class="spacer"></div><div><small><span class="battle-nickname" title="Kingdra">Kingdra</span> is confused!</small></div><div class="spacer"></div><div><span class="battle-nickname" title="Kingdra">Kingdra</span> used <strong>Outrage</strong>!</div><div><small>The opposing <span class="battle-nickname-foe" title="Quagsire">Quagsire</span> lost 40% of its health!</small><br></div><div class="spacer"></div><div>The opposing <span class="battle-nickname-foe" title="Quagsire">Quagsire</span> used <strong>Recover</strong>!</div><div><small>The opposing <span class="battle-nickname-foe" title="Quagsire">Quagsire</span> restored its HP.</small></div><div class="spacer"></div><div><small>The opposing <span class="battle-nickname-foe" title="Quagsire">Quagsire</span> restored a little HP using its Leftovers!</small></div><h2>Turn 6</h2><div class="spacer"></div><div><small><span class="battle-nickname" title="Kingdra">Kingdra</span> is confused!</small></div><div class="spacer"></div><div><span class="battle-nickname" title="Kingdra">Kingdra</span> used <strong>Outrage</strong>!</div><div><small>The opposing <span class="battle-nickname-foe" title="Quagsire">Quagsire</span> lost 42% of its health!</small><br></div><div class="spacer"></div><div>The opposing <span class="battle-nickname-foe" title="Quagsire">Quagsire</span> used <strong>Recover</strong>!</div><div><small>The opposing <span class="battle-nickname-foe" title="Quagsire">Quagsire</span> restored its HP.</small></div><div class="spacer"></div><div><small>The opposing <span class="battle-nickname-foe" title="Quagsire">Quagsire</span> restored a little HP using its Leftovers!</small></div><h2>Turn 7</h2><div class="spacer"></div><div><small><span class="battle-nickname" title="Kingdra">Kingdra</span> snapped out of its confusion.</small></div><div class="spacer"></div><div><span class="battle-nickname" title="Kingdra">Kingdra</span> used <strong>Outrage</strong>!</div><div><small>The opposing <span class="battle-nickname-foe" title="Quagsire">Quagsire</span> lost 42% of its health!</small><br></div><div class="spacer"></div><div>The opposing <span class="battle-nickname-foe" title="Quagsire">Quagsire</span> used <strong>Recover</strong>!</div><div><small>The opposing <span class="battle-nickname-foe" title="Quagsire">Quagsire</span> restored its HP.</small></div><div class="spacer"></div><div><small>The opposing <span class="battle-nickname-foe" title="Quagsire">Quagsire</span> restored a little HP using its Leftovers!</small></div><h2>Turn 8</h2><div class="spacer"></div><div><span class="battle-nickname" title="Kingdra">Kingdra</span> used <strong>Outrage</strong>!</div><div><small>The opposing <span class="battle-nickname-foe" title="Quagsire">Quagsire</span> lost 46% of its health!</small><br></div><div><small><span class="battle-nickname" title="Kingdra">Kingdra</span> became confused due to fatigue!</small></div><div class="spacer"></div><div>The opposing <span class="battle-nickname-foe" title="Quagsire">Quagsire</span> used <strong>Ice Beam</strong>!</div><div><small><span class="battle-nickname" title="Kingdra">Kingdra</span> lost 16% of its health!</small><br></div><div class="spacer"></div><div><small>The opposing <span class="battle-nickname-foe" title="Quagsire">Quagsire</span> restored a little HP using its Leftovers!</small></div><h2>Turn 9</h2><div class="spacer"></div><div><span class="battle-nickname" title="Kingdra">Kingdra</span>, come back!</div><div class="spacer"></div><div>Go! Altaria!</div><div><small>[<span class="battle-nickname" title="Altaria">Altaria</span>'s Cloud Nine!]</small></div><div><small>The effects of the weather disappeared.</small></div><div class="spacer"></div><div>The opposing <span class="battle-nickname-foe" title="Quagsire">Quagsire</span> used <strong>Recover</strong>!</div><div><small>The opposing <span class="battle-nickname-foe" title="Quagsire">Quagsire</span> restored its HP.</small></div><div class="spacer"></div><div><small>The opposing <span class="battle-nickname-foe" title="Quagsire">Quagsire</span> restored a little HP using its Leftovers!</small></div><h2>Turn 10</h2><div class="spacer"></div><div><small><span class="battle-nickname" title="Altaria-Mega">Altaria</span>'s Altarianite is reacting to carltroll's Mega Bracelet!<br><span class="battle-nickname" title="Altaria-Mega">Altaria</span> has Mega Evolved into Mega Altaria!</small></div><div class="spacer"></div><div><span class="battle-nickname" title="Altaria-Mega">Altaria</span> used <strong>Draco Meteor</strong>!</div><div><small>The opposing <span class="battle-nickname-foe" title="Quagsire">Quagsire</span> lost 60% of its health!</small><br></div><div><small><span class="battle-nickname" title="Altaria-Mega">Altaria</span>'s Special Attack fell harshly! </small></div><div class="spacer"></div><div>The opposing <span class="battle-nickname-foe" title="Quagsire">Quagsire</span> used <strong>Ice Beam</strong>!</div><div><small>It's super effective! </small><small><span class="battle-nickname" title="Altaria-Mega">Altaria</span> lost 37% of its health!</small><br></div><div class="spacer"></div><div><small>The opposing <span class="battle-nickname-foe" title="Quagsire">Quagsire</span> restored a little HP using its Leftovers!</small></div><h2>Turn 11</h2><div class="spacer"></div><div><span class="battle-nickname" title="Altaria-Mega">Altaria</span> used <strong>Draco Meteor</strong>!</div><div><small>The opposing <span class="battle-nickname-foe" title="Quagsire">Quagsire</span> lost 31% of its health!</small><br></div><div><small><span class="battle-nickname" title="Altaria-Mega">Altaria</span>'s Special Attack fell harshly! </small></div><div class="spacer"></div><div>The opposing <span class="battle-nickname-foe" title="Quagsire">Quagsire</span> used <strong>Recover</strong>!</div><div><small>The opposing <span class="battle-nickname-foe" title="Quagsire">Quagsire</span> restored its HP.</small></div><div class="spacer"></div><div><small>The opposing <span class="battle-nickname-foe" title="Quagsire">Quagsire</span> restored a little HP using its Leftovers!</small></div><h2>Turn 12</h2><div class="spacer"></div><div><span class="battle-nickname" title="Altaria-Mega">Altaria</span> used <strong>Hyper Voice</strong>!</div><div><small>The opposing <span class="battle-nickname-foe" title="Quagsire">Quagsire</span> lost 16% of its health!</small><br></div><div class="spacer"></div><div>The opposing <span class="battle-nickname-foe" title="Quagsire">Quagsire</span> used <strong>Ice Beam</strong>!</div><div><small>It's super effective! </small><small><span class="battle-nickname" title="Altaria-Mega">Altaria</span> lost 35% of its health!</small><br></div><div class="spacer"></div><div><small>The opposing <span class="battle-nickname-foe" title="Quagsire">Quagsire</span> restored a little HP using its Leftovers!</small></div><h2>Turn 13</h2><div class="spacer"></div><div><span class="battle-nickname" title="Altaria-Mega">Altaria</span> used <strong>Draco Meteor</strong>!</div><div><small>The opposing <span class="battle-nickname-foe" title="Quagsire">Quagsire</span> lost 19% of its health!</small><br></div><div><small><span class="battle-nickname" title="Altaria-Mega">Altaria</span>'s Special Attack fell harshly! </small></div><div class="spacer"></div><div>The opposing <span class="battle-nickname-foe" title="Quagsire">Quagsire</span> used <strong>Ice Beam</strong>!</div><div><small>It's super effective! </small><small><span class="battle-nickname" title="Altaria-Mega">Altaria</span> lost 28% of its health!</small><br></div><div class="spacer"></div><div><span class="battle-nickname" title="Altaria-Mega">Altaria</span> fainted!</div><div class="spacer"></div><div><small>The opposing <span class="battle-nickname-foe" title="Quagsire">Quagsire</span> restored a little HP using its Leftovers!</small></div><div class="spacer"></div><div>Go! Linoone!</div><h2>Turn 14</h2><div class="spacer"></div><div><span class="battle-nickname" title="Linoone">Linoone</span> used <strong>Seed Bomb</strong>!</div><div><small>It's super effective! </small><small>The opposing <span class="battle-nickname-foe" title="Quagsire">Quagsire</span> lost 47% of its health!</small><br></div><div class="spacer"></div><div>The opposing <span class="battle-nickname-foe" title="Quagsire">Quagsire</span> fainted!</div><div class="spacer"></div><div>The Gargler sent out Machamp!</div><h2>Turn 15</h2><div class="spacer"></div><div><span class="battle-nickname" title="Linoone">Linoone</span>, come back!</div><div class="spacer"></div><div>Go! Togedemaru!</div><div><small><span class="battle-nickname" title="Togedemaru">Togedemaru</span> floats in the air with its Air Balloon!</small></div><div class="spacer"></div><div>The opposing <span class="battle-nickname-foe" title="Machamp">Machamp</span> used <strong>Dynamic Punch</strong>!</div><div><small>It's super effective! </small><small><span class="battle-nickname" title="Togedemaru">Togedemaru</span> lost 100% of its health!</small><br></div><div><small><span class="battle-nickname" title="Togedemaru">Togedemaru</span>'s Air Balloon popped!</small></div><div class="spacer"></div><div><span class="battle-nickname" title="Togedemaru">Togedemaru</span> fainted!</div><div class="spacer"></div><div>Go! Kingdra!</div><h2>Turn 16</h2><div class="spacer"></div><div><span class="battle-nickname" title="Kingdra">Kingdra</span> used <strong>Nasty Plot</strong>!</div><div><small><span class="battle-nickname" title="Kingdra">Kingdra</span>'s Special Attack rose sharply! </small></div><div class="spacer"></div><div>The opposing <span class="battle-nickname-foe" title="Machamp">Machamp</span> used <strong>Knock Off</strong>!</div><div><small>It's not very effective... </small></div><div class="spacer"></div><div><small><span class="battle-nickname" title="Zoroark">Zoroark</span>'s illusion wore off!</small></div><div><small><span class="battle-nickname" title="Zoroark">Zoroark</span> lost 22% of its health!</small><br></div><div><small>The opposing <span class="battle-nickname-foe" title="Machamp">Machamp</span> knocked off <span class="battle-nickname" title="Zoroark">Zoroark</span>'s Life Orb!</small></div><h2>Turn 17</h2><div class="spacer"></div><div><span class="battle-nickname" title="Zoroark">Zoroark</span> used <strong>Sludge Bomb</strong>!</div><div><small>The opposing <span class="battle-nickname-foe" title="Machamp">Machamp</span> lost 55% of its health!</small><br></div><div class="spacer"></div><div>The opposing <span class="battle-nickname-foe" title="Machamp">Machamp</span> used <strong>Dynamic Punch</strong>!</div><div><small>It's super effective! </small><small><span class="battle-nickname" title="Zoroark">Zoroark</span> lost 78% of its health!</small><br></div><div class="spacer"></div><div><span class="battle-nickname" title="Zoroark">Zoroark</span> fainted!</div><div class="spacer"></div><div><small>The opposing <span class="battle-nickname-foe" title="Machamp">Machamp</span> restored a little HP using its Leftovers!</small></div><div><small>carltroll forfeited.</small></div><div class="spacer"></div><div>The Gargler won the battle!</div><div class="chat"><small>carltroll left.</small></div></div></div>
</div>
<script>
var daily = Math.floor(Date.now()/1000/60/60/24);document.write('<script src="https://play.pokemonshowdown.com/js/replay-embed.js?version'+daily+'"></'+'script>');
</script>
