<!DOCTYPE html>
<meta charset="utf-8" />
<!-- version 1 -->
<title>[Gen 7] Random Battle replay: fbisurveillancevan vs. Kuldust</title>
<style>
html,body {font-family:Verdana, sans-serif;font-size:10pt;margin:0;padding:0;}body{padding:12px 0;} .battle-log {font-family:Verdana, sans-serif;font-size:10pt;} .battle-log-inline {border:1px solid #AAAAAA;background:#EEF2F5;color:black;max-width:640px;margin:0 auto 80px;padding-bottom:5px;} .battle-log .inner {padding:4px 8px 0px 8px;} .battle-log .inner-preempt {padding:0 8px 4px 8px;} .battle-log .inner-after {margin-top:0.5em;} .battle-log h2 {margin:0.5em -8px;padding:4px 8px;border:1px solid #AAAAAA;background:#E0E7EA;border-left:0;border-right:0;font-family:Verdana, sans-serif;font-size:13pt;} .battle-log .chat {vertical-align:middle;padding:3px 0 3px 0;font-size:8pt;} .battle-log .chat strong {color:#40576A;} .battle-log .chat em {padding:1px 4px 1px 3px;color:#000000;font-style:normal;} .chat.mine {background:rgba(0,0,0,0.05);margin-left:-8px;margin-right:-8px;padding-left:8px;padding-right:8px;} .spoiler {color:#BBBBBB;background:#BBBBBB;padding:0px 3px;} .spoiler:hover, .spoiler:active, .spoiler-shown {color:#000000;background:#E2E2E2;padding:0px 3px;} .spoiler a {color:#BBBBBB;} .spoiler:hover a, .spoiler:active a, .spoiler-shown a {color:#2288CC;} .chat code, .chat .spoiler:hover code, .chat .spoiler:active code, .chat .spoiler-shown code {border:1px solid #C0C0C0;background:#EEEEEE;color:black;padding:0 2px;} .chat .spoiler code {border:1px solid #CCCCCC;background:#CCCCCC;color:#CCCCCC;} .battle-log .rated {padding:3px 4px;} .battle-log .rated strong {color:white;background:#89A;padding:1px 4px;border-radius:4px;} .spacer {margin-top:0.5em;} .message-announce {background:#6688AA;color:white;padding:1px 4px 2px;} .message-announce a, .broadcast-green a, .broadcast-blue a, .broadcast-red a {color:#DDEEFF;} .broadcast-green {background-color:#559955;color:white;padding:2px 4px;} .broadcast-blue {background-color:#6688AA;color:white;padding:2px 4px;} .infobox {border:1px solid #6688AA;padding:2px 4px;} .infobox-limited {max-height:200px;overflow:auto;overflow-x:hidden;} .broadcast-red {background-color:#AA5544;color:white;padding:2px 4px;} .message-learn-canlearn {font-weight:bold;color:#228822;text-decoration:underline;} .message-learn-cannotlearn {font-weight:bold;color:#CC2222;text-decoration:underline;} .message-effect-weak {font-weight:bold;color:#CC2222;} .message-effect-resist {font-weight:bold;color:#6688AA;} .message-effect-immune {font-weight:bold;color:#666666;} .message-learn-list {margin-top:0;margin-bottom:0;} .message-throttle-notice, .message-error {color:#992222;} .message-overflow, .chat small.message-overflow {font-size:0pt;} .message-overflow::before {font-size:9pt;content:'...';} .subtle {color:#3A4A66;}
</style>
<div class="wrapper replay-wrapper" style="max-width:1180px;margin:0 auto">
<input type="hidden" name="replayid" value="gen7randombattle-566866416" />
<div class="battle"></div><div class="battle-log"></div><div class="replay-controls"></div><div class="replay-controls-2"></div>
<h1 style="font-weight:normal;text-align:center"><strong>[Gen 7] Random Battle</strong><br /><a href="http://pokemonshowdown.com/users/fbisurveillancevan" class="subtle" target="_blank">fbisurveillancevan</a> vs. <a href="http://pokemonshowdown.com/users/kuldust" class="subtle" target="_blank">Kuldust</a></h1>
<script type="text/plain" class="battle-log-data">|j|fbisurveillancevan
|j|Kuldust
|player|p1|fbisurveillancevan|290
|player|p2|Kuldust|168
|gametype|singles
|gen|7
|tier|[Gen 7] Random Battle
|rated
|seed|65077,59934,13840,25925,33440,59342,42177,15767,44535,49727,45090,39417
|rule|Sleep Clause Mod: Limit one foe put to sleep
|rule|HP Percentage Mod: HP is shown in percentages
|
|start
|switch|p1a: Camerupt|Camerupt, L75, F|100\/100
|switch|p2a: Cradily|Cradily, L79, F|100\/100
|turn|1
|inactive|Battle timer is ON: inactive players will automatically lose when time's up. (requested by Kuldust)
|choice|move stealthrock mega|switch 4
|
|switch|p2a: Raichu|Raichu-Alola, L79, F|100\/100
|detailschange|p1a: Camerupt|Camerupt-Mega, L75, F
|-mega|p1a: Camerupt|Camerupt|Cameruptite
|move|p1a: Camerupt|Stealth Rock|p2a: Raichu
|-sidestart|p2: Kuldust|move: Stealth Rock
|
|upkeep
|turn|2
|choice|move fireblast|move surf
|
|move|p2a: Raichu|Surf|p1a: Camerupt
|-supereffective|p1a: Camerupt
|-damage|p1a: Camerupt|0 fnt
|-damage|p2a: Raichu|91\/100|[from] item: Life Orb
|faint|p1a: Camerupt
|
|upkeep
|choice|switch 3|
|
|switch|p1a: Gengar|Gengar, L77, M|100\/100
|turn|3
|choice|switch 6|move psyshock
|
|switch|p1a: Togedemaru|Togedemaru, L79, M|100\/100
|-item|p1a: Togedemaru|Air Balloon
|move|p2a: Raichu|Psyshock|p1a: Togedemaru
|-resisted|p1a: Togedemaru
|-damage|p1a: Togedemaru|73\/100
|-enditem|p1a: Togedemaru|Air Balloon
|-damage|p2a: Raichu|81\/100|[from] item: Life Orb
|
|upkeep
|turn|4
|choice|move uturn|move nastyplot
|
|move|p2a: Raichu|Nasty Plot|p2a: Raichu
|-boost|p2a: Raichu|spa|2
|move|p1a: Togedemaru|U-turn|p2a: Raichu
|-supereffective|p2a: Raichu
|-damage|p2a: Raichu|14\/100
|choice|switch 2|
|
|switch|p1a: Celesteela|Celesteela, L75|100\/100
|
|upkeep
|turn|5
|choice|move autotomize|move surf
|
|move|p2a: Raichu|Surf|p1a: Celesteela
|-damage|p1a: Celesteela|48\/100
|-damage|p2a: Raichu|4\/100|[from] item: Life Orb
|move|p1a: Celesteela|Autotomize|p1a: Celesteela
|-boost|p1a: Celesteela|spe|2
|-start|p1a: Celesteela|Autotomize
|
|upkeep
|turn|6
|choice|move energyball|move surf
|
|move|p1a: Celesteela|Energy Ball|p2a: Raichu
|-damage|p2a: Raichu|0 fnt
|faint|p2a: Raichu
|-ability|p1a: Celesteela|Beast Boost|boost
|-boost|p1a: Celesteela|spa|1
|
|upkeep
|choice||switch 5
|
|switch|p2a: Delphox|Delphox, L79, M|100\/100
|-damage|p2a: Delphox|76\/100|[from] Stealth Rock
|turn|7
|choice|switch 5|move fireblast
|
|switch|p1a: Stoutland|Stoutland, L79, M|100\/100
|-ability|p1a: Stoutland|Intimidate|boost
|-unboost|p2a: Delphox|atk|1
|move|p2a: Delphox|Fire Blast|p1a: Stoutland
|-crit|p1a: Stoutland
|-damage|p1a: Stoutland|29\/100
|
|upkeep
|turn|8
|choice|move crunch|move fireblast
|
|move|p2a: Delphox|Fire Blast|p1a: Stoutland
|-damage|p1a: Stoutland|0 fnt
|faint|p1a: Stoutland
|
|upkeep
|choice|switch 6|
|
|switch|p1a: Gengar|Gengar, L77, M|100\/100
|turn|9
|choice|move sludgewave|move fireblast
|
|move|p2a: Delphox|Fire Blast|p1a: Gengar|[miss]
|-miss|p2a: Delphox|p1a: Gengar
|move|p1a: Gengar|Sludge Wave|p2a: Delphox
|-damage|p2a: Delphox|37\/100
|-status|p2a: Delphox|psn
|
|-damage|p2a: Delphox|24\/100 psn|[from] psn
|upkeep
|turn|10
|choice|move sludgewave|move fireblast
|
|move|p2a: Delphox|Fire Blast|p1a: Gengar|[miss]
|-miss|p2a: Delphox|p1a: Gengar
|move|p1a: Gengar|Sludge Wave|p2a: Delphox
|-damage|p2a: Delphox|0 fnt
|faint|p2a: Delphox
|
|upkeep
|choice||switch 6
|
|switch|p2a: Nihilego|Nihilego, L75|100\/100
|-damage|p2a: Nihilego|88\/100|[from] Stealth Rock
|-item|p2a: Nihilego|Air Balloon
|turn|11
|choice|move focusblast|move stealthrock
|
|move|p1a: Gengar|Focus Blast|p2a: Nihilego
|-damage|p2a: Nihilego|63\/100
|-enditem|p2a: Nihilego|Air Balloon
|move|p2a: Nihilego|Stealth Rock|p1a: Gengar
|-sidestart|p1: fbisurveillancevan|move: Stealth Rock
|
|upkeep
|turn|12
|choice|switch 2|move powergem
|
|switch|p1a: Togedemaru|Togedemaru, L79, M|73\/100
|-damage|p1a: Togedemaru|67\/100|[from] Stealth Rock
|move|p2a: Nihilego|Power Gem|p1a: Togedemaru
|-resisted|p1a: Togedemaru
|-damage|p1a: Togedemaru|44\/100
|
|upkeep
|turn|13
|choice|move nuzzle|move powergem
|
|move|p2a: Nihilego|Power Gem|p1a: Togedemaru
|-resisted|p1a: Togedemaru
|-damage|p1a: Togedemaru|22\/100
|move|p1a: Togedemaru|Nuzzle|p2a: Nihilego
|-damage|p2a: Nihilego|51\/100
|-status|p2a: Nihilego|par
|
|upkeep
|turn|14
|choice|move zingzap|move powergem
|
|move|p1a: Togedemaru|Zing Zap|p2a: Nihilego
|-damage|p2a: Nihilego|4\/100 par
|cant|p2a: Nihilego|par
|
|upkeep
|turn|15
|choice|move zingzap|move powergem
|
|move|p1a: Togedemaru|Zing Zap|p2a: Nihilego
|-damage|p2a: Nihilego|0 fnt
|faint|p2a: Nihilego
|
|upkeep
|choice||switch 4
|
|switch|p2a: Cradily|Cradily, L79, F|100\/100
|-damage|p2a: Cradily|88\/100|[from] Stealth Rock
|turn|16
|choice|move uturn|move seedbomb
|
|move|p1a: Togedemaru|U-turn|p2a: Cradily
|-supereffective|p2a: Cradily
|-damage|p2a: Cradily|54\/100
|choice|switch 5|
|
|switch|p1a: Celesteela|Celesteela, L75|48\/100
|-damage|p1a: Celesteela|36\/100|[from] Stealth Rock
|move|p2a: Cradily|Seed Bomb|p1a: Celesteela
|-resisted|p1a: Celesteela
|-damage|p1a: Celesteela|29\/100
|
|-heal|p2a: Cradily|60\/100|[from] item: Leftovers
|upkeep
|turn|17
|choice|move autotomize|move recover
|
|move|p1a: Celesteela|Autotomize|p1a: Celesteela
|-boost|p1a: Celesteela|spe|2
|-start|p1a: Celesteela|Autotomize
|move|p2a: Cradily|Recover|p2a: Cradily
|-heal|p2a: Cradily|100\/100
|
|upkeep
|turn|18
|choice|move flashcannon|move rockslide
|
|move|p1a: Celesteela|Flash Cannon|p2a: Cradily
|-supereffective|p2a: Cradily
|-damage|p2a: Cradily|45\/100
|move|p2a: Cradily|Rock Slide|p1a: Celesteela|[miss]
|-miss|p2a: Cradily|p1a: Celesteela
|
|-heal|p2a: Cradily|51\/100|[from] item: Leftovers
|upkeep
|turn|19
|choice|move flashcannon|move rockslide
|
|move|p1a: Celesteela|Flash Cannon|p2a: Cradily
|-supereffective|p2a: Cradily
|-damage|p2a: Cradily|0 fnt
|faint|p2a: Cradily
|-ability|p1a: Celesteela|Beast Boost|boost
|-boost|p1a: Celesteela|spa|1
|
|upkeep
|choice||switch 3
|
|switch|p2a: Toxicroak|Toxicroak, L79, F|100\/100
|-damage|p2a: Toxicroak|94\/100|[from] Stealth Rock
|turn|20
|choice|move fireblast|move drainpunch
|
|move|p1a: Celesteela|Fire Blast|p2a: Toxicroak
|-damage|p2a: Toxicroak|33\/100
|move|p2a: Toxicroak|Drain Punch|p1a: Celesteela
|-damage|p1a: Celesteela|0 fnt
|-heal|p2a: Toxicroak|48\/100|[from] drain|[of] p1a: Celesteela
|-damage|p2a: Toxicroak|38\/100|[from] item: Life Orb
|faint|p1a: Celesteela
|
|upkeep
|choice|switch 4|
|
|switch|p1a: Ninetales|Ninetales-Alola, L77, F|100\/100
|-damage|p1a: Ninetales|76\/100|[from] Stealth Rock
|-weather|Hail|[from] ability: Snow Warning|[of] p1a: Ninetales
|turn|21
|choice|move moonblast|move substitute
|
|move|p1a: Ninetales|Moonblast|p2a: Toxicroak
|-damage|p2a: Toxicroak|0 fnt
|faint|p2a: Toxicroak
|
|-weather|Hail|[upkeep]
|upkeep
|choice||switch 2
|
|switch|p2a: Aromatisse|Aromatisse, L79, M|100\/100
|-damage|p2a: Aromatisse|88\/100|[from] Stealth Rock
|turn|22
|choice|move auroraveil|move reflect
|
|move|p1a: Ninetales|Aurora Veil|p1a: Ninetales
|-sidestart|p1: fbisurveillancevan|move: Aurora Veil
|move|p2a: Aromatisse|Reflect|p2a: Aromatisse
|-sidestart|p2: Kuldust|Reflect
|
|-weather|Hail|[upkeep]
|-damage|p2a: Aromatisse|82\/100|[from] hail
|upkeep
|turn|23
|choice|move moonblast|move wish
|
|move|p1a: Ninetales|Moonblast|p2a: Aromatisse
|-crit|p2a: Aromatisse
|-damage|p2a: Aromatisse|41\/100
|move|p2a: Aromatisse|Wish|p2a: Aromatisse
|
|-weather|Hail|[upkeep]
|-damage|p2a: Aromatisse|35\/100|[from] hail
|upkeep
|turn|24
|choice|switch 2|move moonblast
|
|switch|p1a: Gengar|Gengar, L77, M|100\/100
|-damage|p1a: Gengar|88\/100|[from] Stealth Rock
|move|p2a: Aromatisse|Moonblast|p1a: Gengar
|-resisted|p1a: Gengar
|-damage|p1a: Gengar|75\/100
|-unboost|p1a: Gengar|spa|1
|
|-weather|Hail|[upkeep]
|-damage|p1a: Gengar|69\/100|[from] hail
|-damage|p2a: Aromatisse|29\/100|[from] hail
|-heal|p2a: Aromatisse|78\/100|[from] move: Wish|[wisher] Aromatisse
|-heal|p1a: Gengar|75\/100|[from] item: Black Sludge
|upkeep
|turn|25
|choice|move sludgewave|move wish
|
|move|p1a: Gengar|Sludge Wave|p2a: Aromatisse
|-supereffective|p2a: Aromatisse
|-damage|p2a: Aromatisse|26\/100
|move|p2a: Aromatisse|Wish|p2a: Aromatisse
|
|-weather|none
|-heal|p1a: Gengar|81\/100|[from] item: Black Sludge
|upkeep
|turn|26
|choice|move sludgewave|move moonblast
|
|move|p1a: Gengar|Sludge Wave|p2a: Aromatisse
|-supereffective|p2a: Aromatisse
|-damage|p2a: Aromatisse|0 fnt
|faint|p2a: Aromatisse
|
|win|fbisurveillancevan
|raw|fbisurveillancevan's rating: 1154 &rarr; <strong>1172<\/strong><br \/>(+18 for winning)
|raw|Kuldust's rating: 1047 &rarr; <strong>1035<\/strong><br \/>(-12 for losing)</script>
</div>
<div class="battle-log battle-log-inline"><div class="inner"><div class="chat"><small>fbisurveillancevan joined.</small></div><div class="chat"><small>Kuldust joined.</small></div><div style="padding:5px 0"><small>Format:</small> <br><strong>[Gen 7] Random Battle</strong></div><div class="rated"><strong>Rated battle</strong></div><div><small><em>Sleep Clause Mod:</em> Limit one foe put to sleep</small></div><div><small><em>HP Percentage Mod:</em> HP is shown in percentages</small></div><div>Battle between fbisurveillancevan and Kuldust started!</div><div class="spacer"></div><div>Go! Camerupt!</div><div class="spacer"></div><div>Kuldust sent out Cradily!</div><h2>Turn 1</h2><div class="chat message-error">Battle timer is ON: inactive players will automatically lose when time's up. (requested by Kuldust)</div><div class="spacer"></div><div>Kuldust withdrew Cradily!</div><div class="spacer"></div><div>Kuldust sent out <span class="battle-nickname-foe" title="Raichu-Alola">Raichu <small>(Raichu-Alola)</small></span>!</div><div class="spacer"></div><div><small><span class="battle-nickname" title="Camerupt-Mega">Camerupt</span>'s Cameruptite is reacting to fbisurveillancevan's Mega Bracelet!<br><span class="battle-nickname" title="Camerupt-Mega">Camerupt</span> has Mega Evolved into Mega Camerupt!</small></div><div class="spacer"></div><div><span class="battle-nickname" title="Camerupt-Mega">Camerupt</span> used <strong>Stealth Rock</strong>!</div><div><small>Pointed stones float in the air around the opposing team!</small></div><h2>Turn 2</h2><div class="spacer"></div><div>The opposing <span class="battle-nickname-foe" title="Raichu-Alola">Raichu</span> used <strong>Surf</strong>!</div><div><small>It's super effective! </small><small><span class="battle-nickname" title="Camerupt-Mega">Camerupt</span> lost 100% of its health!</small><br></div><div><small>The opposing <span class="battle-nickname-foe" title="Raichu-Alola">Raichu</span> lost some of its HP!</small></div><div class="spacer"></div><div><span class="battle-nickname" title="Camerupt-Mega">Camerupt</span> fainted!</div><div class="spacer"></div><div>Go! Gengar!</div><h2>Turn 3</h2><div class="spacer"></div><div><span class="battle-nickname" title="Gengar">Gengar</span>, come back!</div><div class="spacer"></div><div>Go! Togedemaru!</div><div><small><span class="battle-nickname" title="Togedemaru">Togedemaru</span> floats in the air with its Air Balloon!</small></div><div class="spacer"></div><div>The opposing <span class="battle-nickname-foe" title="Raichu-Alola">Raichu</span> used <strong>Psyshock</strong>!</div><div><small>It's not very effective... </small><small><span class="battle-nickname" title="Togedemaru">Togedemaru</span> lost 27% of its health!</small><br></div><div><small><span class="battle-nickname" title="Togedemaru">Togedemaru</span>'s Air Balloon popped!</small></div><div><small>The opposing <span class="battle-nickname-foe" title="Raichu-Alola">Raichu</span> lost some of its HP!</small></div><h2>Turn 4</h2><div class="spacer"></div><div>The opposing <span class="battle-nickname-foe" title="Raichu-Alola">Raichu</span> used <strong>Nasty Plot</strong>!</div><div><small>The opposing <span class="battle-nickname-foe" title="Raichu-Alola">Raichu</span>'s Special Attack rose sharply! </small></div><div class="spacer"></div><div><span class="battle-nickname" title="Togedemaru">Togedemaru</span> used <strong>U-turn</strong>!</div><div><small>It's super effective! </small><small>The opposing <span class="battle-nickname-foe" title="Raichu-Alola">Raichu</span> lost 67% of its health!</small><br></div><div class="spacer"></div><div><span class="battle-nickname" title="Togedemaru">Togedemaru</span> went back to fbisurveillancevan!</div><div class="spacer"></div><div>Go! Celesteela!</div><h2>Turn 5</h2><div class="spacer"></div><div>The opposing <span class="battle-nickname-foe" title="Raichu-Alola">Raichu</span> used <strong>Surf</strong>!</div><div><small><span class="battle-nickname" title="Celesteela">Celesteela</span> lost 52% of its health!</small><br></div><div><small>The opposing <span class="battle-nickname-foe" title="Raichu-Alola">Raichu</span> lost some of its HP!</small></div><div class="spacer"></div><div><span class="battle-nickname" title="Celesteela">Celesteela</span> used <strong>Autotomize</strong>!</div><div><small><span class="battle-nickname" title="Celesteela">Celesteela</span>'s Speed rose sharply! </small></div><div><small><span class="battle-nickname" title="Celesteela">Celesteela</span> became nimble!</small></div><h2>Turn 6</h2><div class="spacer"></div><div><span class="battle-nickname" title="Celesteela">Celesteela</span> used <strong>Energy Ball</strong>!</div><div><small>The opposing <span class="battle-nickname-foe" title="Raichu-Alola">Raichu</span> lost 4% of its health!</small><br></div><div class="spacer"></div><div>The opposing <span class="battle-nickname-foe" title="Raichu-Alola">Raichu</span> fainted!</div><div><small>[<span class="battle-nickname" title="Celesteela">Celesteela</span>'s Beast Boost!]</small></div><div><small><span class="battle-nickname" title="Celesteela">Celesteela</span>'s Special Attack rose! </small></div><div class="spacer"></div><div>Kuldust sent out Delphox!</div><div><small>Pointed stones dug into the opposing <span class="battle-nickname-foe" title="Delphox">Delphox</span>!</small></div><h2>Turn 7</h2><div class="spacer"></div><div><span class="battle-nickname" title="Celesteela">Celesteela</span>, come back!</div><div class="spacer"></div><div>Go! Stoutland!</div><div><small>[<span class="battle-nickname" title="Stoutland">Stoutland</span>'s Intimidate!]</small></div><div><small>The opposing <span class="battle-nickname-foe" title="Delphox">Delphox</span>'s Attack fell! </small></div><div class="spacer"></div><div>The opposing <span class="battle-nickname-foe" title="Delphox">Delphox</span> used <strong>Fire Blast</strong>!</div><div><small>A critical hit! </small><small><span class="battle-nickname" title="Stoutland">Stoutland</span> lost 71% of its health!</small><br></div><h2>Turn 8</h2><div class="spacer"></div><div>The opposing <span class="battle-nickname-foe" title="Delphox">Delphox</span> used <strong>Fire Blast</strong>!</div><div><small><span class="battle-nickname" title="Stoutland">Stoutland</span> lost 28% of its health!</small><br></div><div class="spacer"></div><div><span class="battle-nickname" title="Stoutland">Stoutland</span> fainted!</div><div class="spacer"></div><div>Go! Gengar!</div><h2>Turn 9</h2><div class="spacer"></div><div>The opposing <span class="battle-nickname-foe" title="Delphox">Delphox</span> used <strong>Fire Blast</strong>!</div><div><small><span class="battle-nickname" title="Gengar">Gengar</span> avoided the attack!</small></div><div class="spacer"></div><div><span class="battle-nickname" title="Gengar">Gengar</span> used <strong>Sludge Wave</strong>!</div><div><small>The opposing <span class="battle-nickname-foe" title="Delphox">Delphox</span> lost 39% of its health!</small><br></div><div><small>The opposing <span class="battle-nickname-foe" title="Delphox">Delphox</span> was poisoned!</small></div><div class="spacer"></div><div><small>The opposing <span class="battle-nickname-foe" title="Delphox">Delphox</span> was hurt by poison!</small></div><h2>Turn 10</h2><div class="spacer"></div><div>The opposing <span class="battle-nickname-foe" title="Delphox">Delphox</span> used <strong>Fire Blast</strong>!</div><div><small><span class="battle-nickname" title="Gengar">Gengar</span> avoided the attack!</small></div><div class="spacer"></div><div><span class="battle-nickname" title="Gengar">Gengar</span> used <strong>Sludge Wave</strong>!</div><div><small>The opposing <span class="battle-nickname-foe" title="Delphox">Delphox</span> lost 24% of its health!</small><br></div><div class="spacer"></div><div>The opposing <span class="battle-nickname-foe" title="Delphox">Delphox</span> fainted!</div><div class="spacer"></div><div>Kuldust sent out Nihilego!</div><div><small>Pointed stones dug into the opposing <span class="battle-nickname-foe" title="Nihilego">Nihilego</span>!</small></div><div><small>The opposing <span class="battle-nickname-foe" title="Nihilego">Nihilego</span> floats in the air with its Air Balloon!</small></div><h2>Turn 11</h2><div class="spacer"></div><div><span class="battle-nickname" title="Gengar">Gengar</span> used <strong>Focus Blast</strong>!</div><div><small>The opposing <span class="battle-nickname-foe" title="Nihilego">Nihilego</span> lost 25% of its health!</small><br></div><div><small>The opposing <span class="battle-nickname-foe" title="Nihilego">Nihilego</span>'s Air Balloon popped!</small></div><div class="spacer"></div><div>The opposing <span class="battle-nickname-foe" title="Nihilego">Nihilego</span> used <strong>Stealth Rock</strong>!</div><div><small>Pointed stones float in the air around your team!</small></div><h2>Turn 12</h2><div class="spacer"></div><div><span class="battle-nickname" title="Gengar">Gengar</span>, come back!</div><div class="spacer"></div><div>Go! Togedemaru!</div><div><small>Pointed stones dug into <span class="battle-nickname" title="Togedemaru">Togedemaru</span>!</small></div><div class="spacer"></div><div>The opposing <span class="battle-nickname-foe" title="Nihilego">Nihilego</span> used <strong>Power Gem</strong>!</div><div><small>It's not very effective... </small><small><span class="battle-nickname" title="Togedemaru">Togedemaru</span> lost 23% of its health!</small><br></div><h2>Turn 13</h2><div class="spacer"></div><div>The opposing <span class="battle-nickname-foe" title="Nihilego">Nihilego</span> used <strong>Power Gem</strong>!</div><div><small>It's not very effective... </small><small><span class="battle-nickname" title="Togedemaru">Togedemaru</span> lost 22% of its health!</small><br></div><div class="spacer"></div><div><span class="battle-nickname" title="Togedemaru">Togedemaru</span> used <strong>Nuzzle</strong>!</div><div><small>The opposing <span class="battle-nickname-foe" title="Nihilego">Nihilego</span> lost 12% of its health!</small><br></div><div><small>The opposing <span class="battle-nickname-foe" title="Nihilego">Nihilego</span> is paralyzed! It may be unable to move!</small></div><h2>Turn 14</h2><div class="spacer"></div><div><span class="battle-nickname" title="Togedemaru">Togedemaru</span> used <strong>Zing Zap</strong>!</div><div><small>The opposing <span class="battle-nickname-foe" title="Nihilego">Nihilego</span> lost 47% of its health!</small><br></div><div class="spacer"></div><div>The opposing <span class="battle-nickname-foe" title="Nihilego">Nihilego</span> is paralyzed! It can't move!</div><h2>Turn 15</h2><div class="spacer"></div><div><span class="battle-nickname" title="Togedemaru">Togedemaru</span> used <strong>Zing Zap</strong>!</div><div><small>The opposing <span class="battle-nickname-foe" title="Nihilego">Nihilego</span> lost 4% of its health!</small><br></div><div class="spacer"></div><div>The opposing <span class="battle-nickname-foe" title="Nihilego">Nihilego</span> fainted!</div><div class="spacer"></div><div>Kuldust sent out Cradily!</div><div><small>Pointed stones dug into the opposing <span class="battle-nickname-foe" title="Cradily">Cradily</span>!</small></div><h2>Turn 16</h2><div class="spacer"></div><div><span class="battle-nickname" title="Togedemaru">Togedemaru</span> used <strong>U-turn</strong>!</div><div><small>It's super effective! </small><small>The opposing <span class="battle-nickname-foe" title="Cradily">Cradily</span> lost 34% of its health!</small><br></div><div class="spacer"></div><div><span class="battle-nickname" title="Togedemaru">Togedemaru</span> went back to fbisurveillancevan!</div><div class="spacer"></div><div>Go! Celesteela!</div><div><small>Pointed stones dug into <span class="battle-nickname" title="Celesteela">Celesteela</span>!</small></div><div class="spacer"></div><div>The opposing <span class="battle-nickname-foe" title="Cradily">Cradily</span> used <strong>Seed Bomb</strong>!</div><div><small>It's not very effective... </small><small><span class="battle-nickname" title="Celesteela">Celesteela</span> lost 7% of its health!</small><br></div><div class="spacer"></div><div><small>The opposing <span class="battle-nickname-foe" title="Cradily">Cradily</span> restored a little HP using its Leftovers!</small></div><h2>Turn 17</h2><div class="spacer"></div><div><span class="battle-nickname" title="Celesteela">Celesteela</span> used <strong>Autotomize</strong>!</div><div><small><span class="battle-nickname" title="Celesteela">Celesteela</span>'s Speed rose sharply! </small></div><div><small><span class="battle-nickname" title="Celesteela">Celesteela</span> became nimble!</small></div><div class="spacer"></div><div>The opposing <span class="battle-nickname-foe" title="Cradily">Cradily</span> used <strong>Recover</strong>!</div><div><small>The opposing <span class="battle-nickname-foe" title="Cradily">Cradily</span> restored its HP.</small></div><h2>Turn 18</h2><div class="spacer"></div><div><span class="battle-nickname" title="Celesteela">Celesteela</span> used <strong>Flash Cannon</strong>!</div><div><small>It's super effective! </small><small>The opposing <span class="battle-nickname-foe" title="Cradily">Cradily</span> lost 55% of its health!</small><br></div><div class="spacer"></div><div>The opposing <span class="battle-nickname-foe" title="Cradily">Cradily</span> used <strong>Rock Slide</strong>!</div><div><small><span class="battle-nickname" title="Celesteela">Celesteela</span> avoided the attack!</small></div><div class="spacer"></div><div><small>The opposing <span class="battle-nickname-foe" title="Cradily">Cradily</span> restored a little HP using its Leftovers!</small></div><h2>Turn 19</h2><div class="spacer"></div><div><span class="battle-nickname" title="Celesteela">Celesteela</span> used <strong>Flash Cannon</strong>!</div><div><small>It's super effective! </small><small>The opposing <span class="battle-nickname-foe" title="Cradily">Cradily</span> lost 51% of its health!</small><br></div><div class="spacer"></div><div>The opposing <span class="battle-nickname-foe" title="Cradily">Cradily</span> fainted!</div><div><small>[<span class="battle-nickname" title="Celesteela">Celesteela</span>'s Beast Boost!]</small></div><div><small><span class="battle-nickname" title="Celesteela">Celesteela</span>'s Special Attack rose! </small></div><div class="spacer"></div><div>Kuldust sent out Toxicroak!</div><div><small>Pointed stones dug into the opposing <span class="battle-nickname-foe" title="Toxicroak">Toxicroak</span>!</small></div><h2>Turn 20</h2><div class="spacer"></div><div><span class="battle-nickname" title="Celesteela">Celesteela</span> used <strong>Fire Blast</strong>!</div><div><small>The opposing <span class="battle-nickname-foe" title="Toxicroak">Toxicroak</span> lost 61% of its health!</small><br></div><div class="spacer"></div><div>The opposing <span class="battle-nickname-foe" title="Toxicroak">Toxicroak</span> used <strong>Drain Punch</strong>!</div><div><small><span class="battle-nickname" title="Celesteela">Celesteela</span> lost 28% of its health!</small><br></div><div><small><span class="battle-nickname" title="Celesteela">Celesteela</span> had its energy drained!</small></div><div><small>The opposing <span class="battle-nickname-foe" title="Toxicroak">Toxicroak</span> lost some of its HP!</small></div><div class="spacer"></div><div><span class="battle-nickname" title="Celesteela">Celesteela</span> fainted!</div><div class="spacer"></div><div>Go! <span class="battle-nickname" title="Ninetales-Alola">Ninetales <small>(Ninetales-Alola)</small></span>!</div><div><small>Pointed stones dug into <span class="battle-nickname" title="Ninetales-Alola">Ninetales</span>!</small></div><div><small>[<span class="battle-nickname" title="Ninetales-Alola">Ninetales</span>'s Snow Warning!]</small></div><div><small>It started to hail!</small></div><h2>Turn 21</h2><div class="spacer"></div><div><span class="battle-nickname" title="Ninetales-Alola">Ninetales</span> used <strong>Moonblast</strong>!</div><div><small>The opposing <span class="battle-nickname-foe" title="Toxicroak">Toxicroak</span> lost 38% of its health!</small><br></div><div class="spacer"></div><div>The opposing <span class="battle-nickname-foe" title="Toxicroak">Toxicroak</span> fainted!</div><div><small>The hail is crashing down.</small></div><div class="spacer"></div><div>Kuldust sent out Aromatisse!</div><div><small>Pointed stones dug into the opposing <span class="battle-nickname-foe" title="Aromatisse">Aromatisse</span>!</small></div><h2>Turn 22</h2><div class="spacer"></div><div><span class="battle-nickname" title="Ninetales-Alola">Ninetales</span> used <strong>Aurora Veil</strong>!</div><div><small>Aurora Veil made your team stronger against physical and special moves!</small></div><div class="spacer"></div><div>The opposing <span class="battle-nickname-foe" title="Aromatisse">Aromatisse</span> used <strong>Reflect</strong>!</div><div><small>Reflect made the opposing team stronger against physical moves!</small></div><div><small>The hail is crashing down.</small></div><div class="spacer"></div><div><small>The opposing <span class="battle-nickname-foe" title="Aromatisse">Aromatisse</span> is buffeted by the hail!</small></div><h2>Turn 23</h2><div class="spacer"></div><div><span class="battle-nickname" title="Ninetales-Alola">Ninetales</span> used <strong>Moonblast</strong>!</div><div><small>A critical hit! </small><small>The opposing <span class="battle-nickname-foe" title="Aromatisse">Aromatisse</span> lost 41% of its health!</small><br></div><div class="spacer"></div><div>The opposing <span class="battle-nickname-foe" title="Aromatisse">Aromatisse</span> used <strong>Wish</strong>!</div><div><small>The hail is crashing down.</small></div><div class="spacer"></div><div><small>The opposing <span class="battle-nickname-foe" title="Aromatisse">Aromatisse</span> is buffeted by the hail!</small></div><h2>Turn 24</h2><div class="spacer"></div><div><span class="battle-nickname" title="Ninetales-Alola">Ninetales</span>, come back!</div><div class="spacer"></div><div>Go! Gengar!</div><div><small>Pointed stones dug into <span class="battle-nickname" title="Gengar">Gengar</span>!</small></div><div class="spacer"></div><div>The opposing <span class="battle-nickname-foe" title="Aromatisse">Aromatisse</span> used <strong>Moonblast</strong>!</div><div><small>It's not very effective... </small><small><span class="battle-nickname" title="Gengar">Gengar</span> lost 13% of its health!</small><br></div><div><small><span class="battle-nickname" title="Gengar">Gengar</span>'s Special Attack fell! </small></div><div><small>The hail is crashing down.</small></div><div class="spacer"></div><div><small><span class="battle-nickname" title="Gengar">Gengar</span> is buffeted by the hail!</small></div><div><small>The opposing <span class="battle-nickname-foe" title="Aromatisse">Aromatisse</span> is buffeted by the hail!</small></div><div><small>Aromatisse's wish came true!</small></div><div><small><span class="battle-nickname" title="Gengar">Gengar</span> restored a little HP using its Black Sludge!</small></div><h2>Turn 25</h2><div class="spacer"></div><div><span class="battle-nickname" title="Gengar">Gengar</span> used <strong>Sludge Wave</strong>!</div><div><small>It's super effective! </small><small>The opposing <span class="battle-nickname-foe" title="Aromatisse">Aromatisse</span> lost 52% of its health!</small><br></div><div class="spacer"></div><div>The opposing <span class="battle-nickname-foe" title="Aromatisse">Aromatisse</span> used <strong>Wish</strong>!</div><div class="spacer"></div><div><small>The hail stopped.</small></div><div><small><span class="battle-nickname" title="Gengar">Gengar</span> restored a little HP using its Black Sludge!</small></div><h2>Turn 26</h2><div class="spacer"></div><div><span class="battle-nickname" title="Gengar">Gengar</span> used <strong>Sludge Wave</strong>!</div><div><small>It's super effective! </small><small>The opposing <span class="battle-nickname-foe" title="Aromatisse">Aromatisse</span> lost 26% of its health!</small><br></div><div class="spacer"></div><div>The opposing <span class="battle-nickname-foe" title="Aromatisse">Aromatisse</span> fainted!</div><div class="spacer"></div><div>fbisurveillancevan won the battle!</div><div class="chat">fbisurveillancevan's rating: 1154 → <strong>1172</strong><br>(+18 for winning)</div><div class="chat">Kuldust's rating: 1047 → <strong>1035</strong><br>(-12 for losing)</div></div></div>
</div>
<script>
var daily = Math.floor(Date.now()/1000/60/60/24);document.write('<script src="https://play.pokemonshowdown.com/js/replay-embed.js?version'+daily+'"></'+'script>');
</script>
