<!DOCTYPE html>
<meta charset="utf-8" />
<!-- version 1 -->
<title>[Gen 7] Random Battle replay: Rusl2 vs. PkMARIO</title>
<style>
html,body {font-family:Verdana, sans-serif;font-size:10pt;margin:0;padding:0;}body{padding:12px 0;} .battle-log {font-family:Verdana, sans-serif;font-size:10pt;} .battle-log-inline {border:1px solid #AAAAAA;background:#EEF2F5;color:black;max-width:640px;margin:0 auto 80px;padding-bottom:5px;} .battle-log .inner {padding:4px 8px 0px 8px;} .battle-log .inner-preempt {padding:0 8px 4px 8px;} .battle-log .inner-after {margin-top:0.5em;} .battle-log h2 {margin:0.5em -8px;padding:4px 8px;border:1px solid #AAAAAA;background:#E0E7EA;border-left:0;border-right:0;font-family:Verdana, sans-serif;font-size:13pt;} .battle-log .chat {vertical-align:middle;padding:3px 0 3px 0;font-size:8pt;} .battle-log .chat strong {color:#40576A;} .battle-log .chat em {padding:1px 4px 1px 3px;color:#000000;font-style:normal;} .chat.mine {background:rgba(0,0,0,0.05);margin-left:-8px;margin-right:-8px;padding-left:8px;padding-right:8px;} .spoiler {color:#BBBBBB;background:#BBBBBB;padding:0px 3px;} .spoiler:hover, .spoiler:active, .spoiler-shown {color:#000000;background:#E2E2E2;padding:0px 3px;} .spoiler a {color:#BBBBBB;} .spoiler:hover a, .spoiler:active a, .spoiler-shown a {color:#2288CC;} .chat code, .chat .spoiler:hover code, .chat .spoiler:active code, .chat .spoiler-shown code {border:1px solid #C0C0C0;background:#EEEEEE;color:black;padding:0 2px;} .chat .spoiler code {border:1px solid #CCCCCC;background:#CCCCCC;color:#CCCCCC;} .battle-log .rated {padding:3px 4px;} .battle-log .rated strong {color:white;background:#89A;padding:1px 4px;border-radius:4px;} .spacer {margin-top:0.5em;} .message-announce {background:#6688AA;color:white;padding:1px 4px 2px;} .message-announce a, .broadcast-green a, .broadcast-blue a, .broadcast-red a {color:#DDEEFF;} .broadcast-green {background-color:#559955;color:white;padding:2px 4px;} .broadcast-blue {background-color:#6688AA;color:white;padding:2px 4px;} .infobox {border:1px solid #6688AA;padding:2px 4px;} .infobox-limited {max-height:200px;overflow:auto;overflow-x:hidden;} .broadcast-red {background-color:#AA5544;color:white;padding:2px 4px;} .message-learn-canlearn {font-weight:bold;color:#228822;text-decoration:underline;} .message-learn-cannotlearn {font-weight:bold;color:#CC2222;text-decoration:underline;} .message-effect-weak {font-weight:bold;color:#CC2222;} .message-effect-resist {font-weight:bold;color:#6688AA;} .message-effect-immune {font-weight:bold;color:#666666;} .message-learn-list {margin-top:0;margin-bottom:0;} .message-throttle-notice, .message-error {color:#992222;} .message-overflow, .chat small.message-overflow {font-size:0pt;} .message-overflow::before {font-size:9pt;content:'...';} .subtle {color:#3A4A66;}
</style>
<div class="wrapper replay-wrapper" style="max-width:1180px;margin:0 auto">
<input type="hidden" name="replayid" value="gen7randombattle-566923781" />
<div class="battle"></div><div class="battle-log"></div><div class="replay-controls"></div><div class="replay-controls-2"></div>
<h1 style="font-weight:normal;text-align:center"><strong>[Gen 7] Random Battle</strong><br /><a href="http://pokemonshowdown.com/users/rusl2" class="subtle" target="_blank">Rusl2</a> vs. <a href="http://pokemonshowdown.com/users/pkmario" class="subtle" target="_blank">PkMARIO</a></h1>
<script type="text/plain" class="battle-log-data">|j|Rusl2
|j|PkMARIO
|player|p1|Rusl2|170
|player|p2|PkMARIO|163
|gametype|singles
|gen|7
|tier|[Gen 7] Random Battle
|rated
|seed|26518,56450,17600,59986,27648,15937,1292,62079,48476,49016,54282,27443
|rule|Sleep Clause Mod: Limit one foe put to sleep
|rule|HP Percentage Mod: HP is shown in percentages
|
|start
|switch|p1a: Deoxys|Deoxys-Defense, L73|100\/100
|switch|p2a: Beheeyem|Beheeyem, L79, F|100\/100
|-ability|p1a: Deoxys|Pressure
|turn|1
|choice|move stealthrock|switch 4
|
|switch|p2a: Gengar|Gengar, L77, M|100\/100
|move|p1a: Deoxys|Stealth Rock|p2a: Gengar
|-sidestart|p2: PkMARIO|move: Stealth Rock
|
|upkeep
|turn|2
|inactive|Battle timer is ON: inactive players will automatically lose when time's up. (requested by Rusl2)
|choice|switch 2|move sludgewave
|
|switch|p1a: Muk|Muk, L79, M|100\/100
|move|p2a: Gengar|Sludge Wave|p1a: Muk
|-resisted|p1a: Muk
|-damage|p1a: Muk|84\/100
|
|upkeep
|turn|3
|choice|move icepunch|move substitute
|
|move|p2a: Gengar|Substitute|p2a: Gengar
|-start|p2a: Gengar|Substitute
|-damage|p2a: Gengar|76\/100
|move|p1a: Muk|Ice Punch|p2a: Gengar
|-end|p2a: Gengar|Substitute
|-damage|p1a: Muk|74\/100|[from] item: Life Orb
|
|-heal|p2a: Gengar|82\/100|[from] item: Black Sludge
|upkeep
|turn|4
|choice|move shadowsneak|move disable
|
|move|p1a: Muk|Shadow Sneak|p2a: Gengar
|-supereffective|p2a: Gengar
|-damage|p2a: Gengar|38\/100
|-start|p1a: Muk|Disable|Shadow Sneak|[from] ability: Cursed Body|[of] p2a: Gengar
|-damage|p1a: Muk|64\/100|[from] item: Life Orb
|move|p2a: Gengar|Disable|p1a: Muk
|-fail|p1a: Muk
|
|-heal|p2a: Gengar|44\/100|[from] item: Black Sludge
|upkeep
|turn|5
|choice|move gunkshot|move painsplit
|
|move|p2a: Gengar|Pain Split|p1a: Muk
|-sethp|p1a: Muk|48\/100|p2a: Gengar|65\/100|[from] move: Pain Split
|move|p1a: Muk|Gunk Shot|p2a: Gengar
|-resisted|p2a: Gengar
|-damage|p2a: Gengar|42\/100
|-damage|p1a: Muk|38\/100|[from] item: Life Orb
|
|-heal|p2a: Gengar|48\/100|[from] item: Black Sludge
|upkeep
|turn|6
|choice|move icepunch|switch 5
|
|switch|p2a: Exploud|Exploud, L79, M|100\/100
|-damage|p2a: Exploud|88\/100|[from] Stealth Rock
|move|p1a: Muk|Ice Punch|p2a: Exploud
|-damage|p2a: Exploud|56\/100
|-status|p2a: Exploud|psn|[from] ability: Poison Touch|[of] p1a: Muk
|-damage|p1a: Muk|29\/100|[from] item: Life Orb
|
|-damage|p2a: Exploud|44\/100 psn|[from] psn
|upkeep
|turn|7
|choice|switch 2|move boomburst
|
|switch|p1a: Deoxys|Deoxys-Defense, L73|100\/100
|-ability|p1a: Deoxys|Pressure
|move|p2a: Exploud|Boomburst|p1a: Deoxys
|-damage|p1a: Deoxys|52\/100
|
|-heal|p1a: Deoxys|59\/100|[from] item: Leftovers
|-damage|p2a: Exploud|32\/100 psn|[from] psn
|upkeep
|turn|8
|choice|move recover|move boomburst
|
|move|p2a: Exploud|Boomburst|p1a: Deoxys
|-damage|p1a: Deoxys|11\/100
|move|p1a: Deoxys|Recover|p1a: Deoxys
|-heal|p1a: Deoxys|62\/100
|
|-heal|p1a: Deoxys|68\/100|[from] item: Leftovers
|-damage|p2a: Exploud|20\/100 psn|[from] psn
|upkeep
|turn|9
|choice|move recover|switch 5
|
|switch|p2a: Gengar|Gengar, L77, M|48\/100
|-damage|p2a: Gengar|35\/100|[from] Stealth Rock
|move|p1a: Deoxys|Recover|p1a: Deoxys
|-heal|p1a: Deoxys|100\/100
|
|-heal|p2a: Gengar|41\/100|[from] item: Black Sludge
|upkeep
|turn|10
|choice|switch 3|move painsplit
|
|switch|p1a: Vaporeon|Vaporeon, L79, M|100\/100
|move|p2a: Gengar|Pain Split|p1a: Vaporeon
|-sethp|p1a: Vaporeon|64\/100|p2a: Gengar|97\/100|[from] move: Pain Split
|
|-heal|p2a: Gengar|100\/100|[from] item: Black Sludge
|-heal|p1a: Vaporeon|70\/100|[from] item: Leftovers
|upkeep
|turn|11
|choice|move scald|move sludgewave
|
|move|p2a: Gengar|Sludge Wave|p1a: Vaporeon
|-damage|p1a: Vaporeon|37\/100
|move|p1a: Vaporeon|Scald|p2a: Gengar
|-damage|p2a: Gengar|57\/100
|
|-heal|p2a: Gengar|63\/100|[from] item: Black Sludge
|-heal|p1a: Vaporeon|43\/100|[from] item: Leftovers
|upkeep
|turn|12
|choice|move wish|move disable
|
|move|p2a: Gengar|Disable|p1a: Vaporeon
|-start|p1a: Vaporeon|Disable|Scald
|move|p1a: Vaporeon|Wish|p1a: Vaporeon
|
|-heal|p2a: Gengar|69\/100|[from] item: Black Sludge
|-heal|p1a: Vaporeon|49\/100|[from] item: Leftovers
|upkeep
|turn|13
|choice|move icebeam|move sludgewave
|
|move|p2a: Gengar|Sludge Wave|p1a: Vaporeon
|-damage|p1a: Vaporeon|16\/100
|move|p1a: Vaporeon|Ice Beam|p2a: Gengar
|-damage|p2a: Gengar|32\/100
|
|-heal|p1a: Vaporeon|66\/100|[from] move: Wish|[wisher] Vaporeon
|-heal|p2a: Gengar|37\/100|[from] item: Black Sludge
|-heal|p1a: Vaporeon|72\/100|[from] item: Leftovers
|upkeep
|turn|14
|choice|move icebeam|move painsplit
|
|move|p2a: Gengar|Pain Split|p1a: Vaporeon
|-sethp|p1a: Vaporeon|48\/100|p2a: Gengar|74\/100|[from] move: Pain Split
|move|p1a: Vaporeon|Ice Beam|p2a: Gengar
|-damage|p2a: Gengar|36\/100
|
|-heal|p2a: Gengar|42\/100|[from] item: Black Sludge
|-heal|p1a: Vaporeon|54\/100|[from] item: Leftovers
|upkeep
|turn|15
|choice|move wish|move sludgewave
|
|move|p2a: Gengar|Sludge Wave|p1a: Vaporeon
|-damage|p1a: Vaporeon|24\/100
|move|p1a: Vaporeon|Wish|p1a: Vaporeon
|
|-heal|p2a: Gengar|48\/100|[from] item: Black Sludge
|-heal|p1a: Vaporeon|30\/100|[from] item: Leftovers
|-end|p1a: Vaporeon|Disable
|upkeep
|turn|16
|choice|move protect|move sludgewave
|
|move|p1a: Vaporeon|Protect|p1a: Vaporeon
|-singleturn|p1a: Vaporeon|Protect
|move|p2a: Gengar|Sludge Wave|p1a: Vaporeon
|-activate|p1a: Vaporeon|move: Protect
|
|-heal|p1a: Vaporeon|80\/100|[from] move: Wish|[wisher] Vaporeon
|-heal|p2a: Gengar|54\/100|[from] item: Black Sludge
|-heal|p1a: Vaporeon|86\/100|[from] item: Leftovers
|upkeep
|turn|17
|choice|switch 2|move painsplit
|
|switch|p1a: Muk|Muk, L79, M|29\/100
|move|p2a: Gengar|Pain Split|p1a: Muk
|-sethp|p1a: Muk|34\/100|p2a: Gengar|46\/100|[from] move: Pain Split
|
|-heal|p2a: Gengar|52\/100|[from] item: Black Sludge
|upkeep
|turn|18
|choice|move shadowsneak|switch 5
|
|switch|p2a: Exploud|Exploud, L79, M|20\/100 psn
|-damage|p2a: Exploud|7\/100 psn|[from] Stealth Rock
|move|p1a: Muk|Shadow Sneak|p2a: Exploud
|-immune|p2a: Exploud|[msg]
|
|-damage|p2a: Exploud|0 fnt|[from] psn
|upkeep
|faint|p2a: Exploud
|choice||switch 4
|
|switch|p2a: Beheeyem|Beheeyem, L79, F|100\/100
|-damage|p2a: Beheeyem|88\/100|[from] Stealth Rock
|turn|19
|choice|move gunkshot|move psyshock
|
|move|p1a: Muk|Gunk Shot|p2a: Beheeyem
|-damage|p2a: Beheeyem|17\/100
|-damage|p1a: Muk|25\/100|[from] item: Life Orb
|move|p2a: Beheeyem|Psyshock|p1a: Muk
|-supereffective|p1a: Muk
|-damage|p1a: Muk|0 fnt
|-damage|p2a: Beheeyem|7\/100|[from] item: Life Orb
|faint|p1a: Muk
|
|upkeep
|choice|switch 5|
|
|switch|p1a: Swanna|Swanna, L79, F|100\/100
|turn|20
|choice|move scald|move thunderbolt
|
|move|p1a: Swanna|Scald|p2a: Beheeyem
|-damage|p2a: Beheeyem|0 fnt
|faint|p2a: Beheeyem
|
|upkeep
|choice||switch 3
|
|switch|p2a: Golem|Golem-Alola, L79, M|100\/100
|-damage|p2a: Golem|88\/100|[from] Stealth Rock
|-item|p2a: Golem|Air Balloon
|turn|21
|choice|move scald|move return
|
|move|p1a: Swanna|Scald|p2a: Golem
|-supereffective|p2a: Golem
|-damage|p2a: Golem|12\/100
|-enditem|p2a: Golem|Air Balloon
|move|p2a: Golem|Return|p1a: Swanna
|-supereffective|p1a: Swanna
|-damage|p1a: Swanna|0 fnt
|faint|p1a: Swanna
|
|upkeep
|choice|switch 4|
|
|switch|p1a: Swoobat|Swoobat, L79, M|100\/100
|turn|22
|choice|move airslash|move suckerpunch
|
|move|p2a: Golem|Sucker Punch|p1a: Swoobat
|-supereffective|p1a: Swoobat
|-damage|p1a: Swoobat|30\/100
|move|p1a: Swoobat|Air Slash|p2a: Golem|[miss]
|-miss|p1a: Swoobat|p2a: Golem
|
|-heal|p1a: Swoobat|36\/100|[from] item: Leftovers
|upkeep
|turn|23
|choice|move substitute|move return
|
|move|p1a: Swoobat|Substitute|p1a: Swoobat
|-start|p1a: Swoobat|Substitute
|-damage|p1a: Swoobat|11\/100
|move|p2a: Golem|Return|p1a: Swoobat
|-supereffective|p1a: Swoobat
|-end|p1a: Swoobat|Substitute
|
|-heal|p1a: Swoobat|17\/100|[from] item: Leftovers
|upkeep
|turn|24
|choice|move roost|move suckerpunch
|
|move|p2a: Golem|Sucker Punch|p1a: Swoobat|[still]
|-fail|p2a: Golem
|move|p1a: Swoobat|Roost|p1a: Swoobat
|-heal|p1a: Swoobat|67\/100
|
|-heal|p1a: Swoobat|73\/100|[from] item: Leftovers
|upkeep
|turn|25
|choice|move airslash|move suckerpunch
|
|move|p2a: Golem|Sucker Punch|p1a: Swoobat
|-supereffective|p1a: Swoobat
|-damage|p1a: Swoobat|11\/100
|move|p1a: Swoobat|Air Slash|p2a: Golem
|-resisted|p2a: Golem
|-damage|p2a: Golem|4\/100
|
|-heal|p1a: Swoobat|17\/100|[from] item: Leftovers
|upkeep
|turn|26
|choice|move airslash|move suckerpunch
|
|move|p2a: Golem|Sucker Punch|p1a: Swoobat
|-supereffective|p1a: Swoobat
|-damage|p1a: Swoobat|0 fnt
|faint|p1a: Swoobat
|
|upkeep
|choice|switch 2|
|
|switch|p1a: Vaporeon|Vaporeon, L79, M|86\/100
|turn|27
|choice|move wish|move return
|
|move|p1a: Vaporeon|Wish|p1a: Vaporeon
|move|p2a: Golem|Return|p1a: Vaporeon
|-supereffective|p1a: Vaporeon
|-damage|p1a: Vaporeon|0 fnt
|faint|p1a: Vaporeon
|
|upkeep
|choice|switch 6|
|
|switch|p1a: Torkoal|Torkoal, L79, M|100\/100
|-weather|SunnyDay|[from] ability: Drought|[of] p1a: Torkoal
|turn|28
|choice|move shellsmash|move earthquake
|
|move|p2a: Golem|Earthquake|p1a: Torkoal
|-supereffective|p1a: Torkoal
|-damage|p1a: Torkoal|54\/100
|move|p1a: Torkoal|Shell Smash|p1a: Torkoal
|-unboost|p1a: Torkoal|def|1
|-unboost|p1a: Torkoal|spd|1
|-boost|p1a: Torkoal|atk|2
|-boost|p1a: Torkoal|spa|2
|-boost|p1a: Torkoal|spe|2
|-enditem|p1a: Torkoal|White Herb
|-clearnegativeboost|p1a: Torkoal|[silent]
|
|-weather|SunnyDay|[upkeep]
|-heal|p1a: Torkoal|100\/100|[from] move: Wish|[wisher] Vaporeon
|upkeep
|turn|29
|choice|move earthpower|move suckerpunch
|
|move|p2a: Golem|Sucker Punch|p1a: Torkoal
|-damage|p1a: Torkoal|84\/100
|move|p1a: Torkoal|Earth Power|p2a: Golem
|-supereffective|p2a: Golem
|-damage|p2a: Golem|0 fnt
|faint|p2a: Golem
|
|-weather|SunnyDay|[upkeep]
|upkeep
|choice||switch 5
|
|switch|p2a: Gengar|Gengar, L77, M|52\/100
|-damage|p2a: Gengar|40\/100|[from] Stealth Rock
|turn|30
|choice|move lavaplume|move substitute
|
|move|p2a: Gengar|Substitute|p2a: Gengar
|-start|p2a: Gengar|Substitute
|-damage|p2a: Gengar|15\/100
|move|p1a: Torkoal|Lava Plume|p2a: Gengar
|-end|p2a: Gengar|Substitute
|
|-weather|SunnyDay|[upkeep]
|-heal|p2a: Gengar|21\/100|[from] item: Black Sludge
|upkeep
|turn|31
|choice|move shellsmash|move disable
|
|move|p2a: Gengar|Disable|p1a: Torkoal
|-start|p1a: Torkoal|Disable|Lava Plume
|move|p1a: Torkoal|Shell Smash|p1a: Torkoal
|-unboost|p1a: Torkoal|def|1
|-unboost|p1a: Torkoal|spd|1
|-boost|p1a: Torkoal|atk|2
|-boost|p1a: Torkoal|spa|2
|-boost|p1a: Torkoal|spe|2
|
|-weather|SunnyDay|[upkeep]
|-heal|p2a: Gengar|27\/100|[from] item: Black Sludge
|upkeep
|turn|32
|choice|move earthpower|move painsplit
|
|move|p1a: Torkoal|Earth Power|p2a: Gengar
|-supereffective|p2a: Gengar
|-damage|p2a: Gengar|0 fnt
|faint|p2a: Gengar
|
|-weather|none
|upkeep
|choice||switch 2
|
|switch|p2a: Venusaur|Venusaur, L75, M|100\/100
|-damage|p2a: Venusaur|88\/100|[from] Stealth Rock
|turn|33
|choice|move yawn|move earthquake mega
|
|detailschange|p2a: Venusaur|Venusaur-Mega, L75, M
|-mega|p2a: Venusaur|Venusaur|Venusaurite
|move|p1a: Torkoal|Yawn|p2a: Venusaur
|-start|p2a: Venusaur|move: Yawn|[of] p1a: Torkoal
|move|p2a: Venusaur|Earthquake|p1a: Torkoal
|-supereffective|p1a: Torkoal
|-damage|p1a: Torkoal|31\/100
|
|upkeep
|turn|34
|choice|move earthpower|move earthquake
|
|move|p1a: Torkoal|Earth Power|p2a: Venusaur
|-damage|p2a: Venusaur|32\/100
|move|p2a: Venusaur|Earthquake|p1a: Torkoal
|-supereffective|p1a: Torkoal
|-damage|p1a: Torkoal|0 fnt
|faint|p1a: Torkoal
|
|-end|p2a: Venusaur|move: Yawn|[silent]
|-status|p2a: Venusaur|slp
|upkeep
|choice|switch 3|
|
|switch|p1a: Deoxys|Deoxys-Defense, L73|100\/100
|-ability|p1a: Deoxys|Pressure
|turn|35
|choice|move seismictoss|move synthesis
|
|move|p1a: Deoxys|Seismic Toss|p2a: Venusaur
|-damage|p2a: Venusaur|3\/100 slp
|cant|p2a: Venusaur|slp
|
|upkeep
|turn|36
|choice|move seismictoss|move synthesis
|
|move|p1a: Deoxys|Seismic Toss|p2a: Venusaur
|-damage|p2a: Venusaur|0 fnt
|faint|p2a: Venusaur
|
|upkeep
|choice||switch 6
|
|switch|p2a: Carnivine|Carnivine, L79, M|100\/100
|-damage|p2a: Carnivine|88\/100|[from] Stealth Rock
|turn|37
|choice|move toxic|move knockoff
|
|move|p1a: Deoxys|Toxic|p2a: Carnivine
|-status|p2a: Carnivine|tox
|move|p2a: Carnivine|Knock Off|p1a: Deoxys
|-supereffective|p1a: Deoxys
|-damage|p1a: Deoxys|53\/100
|-enditem|p1a: Deoxys|Leftovers|[from] move: Knock Off|[of] p2a: Carnivine
|
|-damage|p2a: Carnivine|82\/100 tox|[from] psn
|upkeep
|turn|38
|choice|move recover|move swordsdance
|
|move|p1a: Deoxys|Recover|p1a: Deoxys
|-heal|p1a: Deoxys|100\/100
|move|p2a: Carnivine|Swords Dance|p2a: Carnivine
|-boost|p2a: Carnivine|atk|2
|
|-damage|p2a: Carnivine|70\/100 tox|[from] psn
|upkeep
|turn|39
|choice|move seismictoss|move powerwhip zmove
|
|move|p1a: Deoxys|Seismic Toss|p2a: Carnivine
|-damage|p2a: Carnivine|41\/100 tox
|-zpower|p2a: Carnivine
|move|p2a: Carnivine|Bloom Doom|p1a: Deoxys|[zeffect]
|-damage|p1a: Deoxys|0 fnt
|faint|p1a: Deoxys
|
|win|PkMARIO
|raw|Rusl2's rating: 1618 &rarr; <strong>1599<\/strong><br \/>(-19 for losing)
|raw|PkMARIO's rating: 1630 &rarr; <strong>1649<\/strong><br \/>(+19 for winning)
|c|☆PkMARIO|gg
|c|☆Rusl2|Gg</script>
</div>
<div class="battle-log battle-log-inline"><div class="inner"><div class="chat"><small>Rusl2 joined.</small></div><div class="chat"><small>PkMARIO joined.</small></div><div style="padding:5px 0"><small>Format:</small> <br><strong>[Gen 7] Random Battle</strong></div><div class="rated"><strong>Rated battle</strong></div><div><small><em>Sleep Clause Mod:</em> Limit one foe put to sleep</small></div><div><small><em>HP Percentage Mod:</em> HP is shown in percentages</small></div><div>Battle between Rusl2 and PkMARIO started!</div><div class="spacer"></div><div>Go! <span class="battle-nickname" title="Deoxys-Defense">Deoxys <small>(Deoxys-Defense)</small></span>!</div><div class="spacer"></div><div>PkMARIO sent out Beheeyem!</div><div><small>[<span class="battle-nickname" title="Deoxys-Defense">Deoxys</span>'s Pressure!]</small></div><div><small><span class="battle-nickname" title="Deoxys-Defense">Deoxys</span> is exerting its pressure!</small></div><h2>Turn 1</h2><div class="spacer"></div><div>PkMARIO withdrew Beheeyem!</div><div class="spacer"></div><div>PkMARIO sent out Gengar!</div><div class="spacer"></div><div><span class="battle-nickname" title="Deoxys-Defense">Deoxys</span> used <strong>Stealth Rock</strong>!</div><div><small>Pointed stones float in the air around the opposing team!</small></div><h2>Turn 2</h2><div class="chat message-error">Battle timer is ON: inactive players will automatically lose when time's up. (requested by Rusl2)</div><div class="spacer"></div><div><span class="battle-nickname" title="Deoxys-Defense">Deoxys</span>, come back!</div><div class="spacer"></div><div>Go! Muk!</div><div class="spacer"></div><div>The opposing <span class="battle-nickname-foe" title="Gengar">Gengar</span> used <strong>Sludge Wave</strong>!</div><div><small>It's not very effective... </small><small><span class="battle-nickname" title="Muk">Muk</span> lost 16% of its health!</small><br></div><h2>Turn 3</h2><div class="spacer"></div><div>The opposing <span class="battle-nickname-foe" title="Gengar">Gengar</span> used <strong>Substitute</strong>!</div><div><small>The opposing <span class="battle-nickname-foe" title="Gengar">Gengar</span> put in a substitute!</small></div><div><small>The opposing <span class="battle-nickname-foe" title="Gengar">Gengar</span> lost 24% of its health!</small><br></div><div class="spacer"></div><div><span class="battle-nickname" title="Muk">Muk</span> used <strong>Ice Punch</strong>!</div><div><small>The opposing <span class="battle-nickname-foe" title="Gengar">Gengar</span>'s substitute faded!</small></div><div><small><span class="battle-nickname" title="Muk">Muk</span> lost some of its HP!</small></div><div class="spacer"></div><div><small>The opposing <span class="battle-nickname-foe" title="Gengar">Gengar</span> restored a little HP using its Black Sludge!</small></div><h2>Turn 4</h2><div class="spacer"></div><div><span class="battle-nickname" title="Muk">Muk</span> used <strong>Shadow Sneak</strong>!</div><div><small>It's super effective! </small><small>The opposing <span class="battle-nickname-foe" title="Gengar">Gengar</span> lost 44% of its health!</small><br></div><div><small>[Opposing <span class="battle-nickname-foe" title="Gengar">Gengar</span>'s Cursed Body!]</small></div><div><small><span class="battle-nickname" title="Muk">Muk</span>'s Shadow Sneak was disabled!</small></div><div><small><span class="battle-nickname" title="Muk">Muk</span> lost some of its HP!</small></div><div class="spacer"></div><div>The opposing <span class="battle-nickname-foe" title="Gengar">Gengar</span> used <strong>Disable</strong>!</div><div><small>But it failed!</small></div><div class="spacer"></div><div><small>The opposing <span class="battle-nickname-foe" title="Gengar">Gengar</span> restored a little HP using its Black Sludge!</small></div><h2>Turn 5</h2><div class="spacer"></div><div>The opposing <span class="battle-nickname-foe" title="Gengar">Gengar</span> used <strong>Pain Split</strong>!</div><div><small>The battlers shared their pain!</small></div><div class="spacer"></div><div><span class="battle-nickname" title="Muk">Muk</span> used <strong>Gunk Shot</strong>!</div><div><small>It's not very effective... </small><small>The opposing <span class="battle-nickname-foe" title="Gengar">Gengar</span> lost 23% of its health!</small><br></div><div><small><span class="battle-nickname" title="Muk">Muk</span> lost some of its HP!</small></div><div class="spacer"></div><div><small>The opposing <span class="battle-nickname-foe" title="Gengar">Gengar</span> restored a little HP using its Black Sludge!</small></div><h2>Turn 6</h2><div class="spacer"></div><div>PkMARIO withdrew Gengar!</div><div class="spacer"></div><div>PkMARIO sent out Exploud!</div><div><small>Pointed stones dug into the opposing <span class="battle-nickname-foe" title="Exploud">Exploud</span>!</small></div><div class="spacer"></div><div><span class="battle-nickname" title="Muk">Muk</span> used <strong>Ice Punch</strong>!</div><div><small>The opposing <span class="battle-nickname-foe" title="Exploud">Exploud</span> lost 32% of its health!</small><br></div><div><small>[<span class="battle-nickname" title="Muk">Muk</span>'s Poison Touch!]</small></div><div><small>The opposing <span class="battle-nickname-foe" title="Exploud">Exploud</span> was poisoned!</small></div><div><small><span class="battle-nickname" title="Muk">Muk</span> lost some of its HP!</small></div><div class="spacer"></div><div><small>The opposing <span class="battle-nickname-foe" title="Exploud">Exploud</span> was hurt by poison!</small></div><h2>Turn 7</h2><div class="spacer"></div><div><span class="battle-nickname" title="Muk">Muk</span>, come back!</div><div class="spacer"></div><div>Go! <span class="battle-nickname" title="Deoxys-Defense">Deoxys <small>(Deoxys-Defense)</small></span>!</div><div><small>[<span class="battle-nickname" title="Deoxys-Defense">Deoxys</span>'s Pressure!]</small></div><div><small><span class="battle-nickname" title="Deoxys-Defense">Deoxys</span> is exerting its pressure!</small></div><div class="spacer"></div><div>The opposing <span class="battle-nickname-foe" title="Exploud">Exploud</span> used <strong>Boomburst</strong>!</div><div><small><span class="battle-nickname" title="Deoxys-Defense">Deoxys</span> lost 48% of its health!</small><br></div><div class="spacer"></div><div><small><span class="battle-nickname" title="Deoxys-Defense">Deoxys</span> restored a little HP using its Leftovers!</small></div><div><small>The opposing <span class="battle-nickname-foe" title="Exploud">Exploud</span> was hurt by poison!</small></div><h2>Turn 8</h2><div class="spacer"></div><div>The opposing <span class="battle-nickname-foe" title="Exploud">Exploud</span> used <strong>Boomburst</strong>!</div><div><small><span class="battle-nickname" title="Deoxys-Defense">Deoxys</span> lost 48% of its health!</small><br></div><div class="spacer"></div><div><span class="battle-nickname" title="Deoxys-Defense">Deoxys</span> used <strong>Recover</strong>!</div><div><small><span class="battle-nickname" title="Deoxys-Defense">Deoxys</span> restored its HP.</small></div><div class="spacer"></div><div><small><span class="battle-nickname" title="Deoxys-Defense">Deoxys</span> restored a little HP using its Leftovers!</small></div><div><small>The opposing <span class="battle-nickname-foe" title="Exploud">Exploud</span> was hurt by poison!</small></div><h2>Turn 9</h2><div class="spacer"></div><div>PkMARIO withdrew Exploud!</div><div class="spacer"></div><div>PkMARIO sent out Gengar!</div><div><small>Pointed stones dug into the opposing <span class="battle-nickname-foe" title="Gengar">Gengar</span>!</small></div><div class="spacer"></div><div><span class="battle-nickname" title="Deoxys-Defense">Deoxys</span> used <strong>Recover</strong>!</div><div><small><span class="battle-nickname" title="Deoxys-Defense">Deoxys</span> restored its HP.</small></div><div class="spacer"></div><div><small>The opposing <span class="battle-nickname-foe" title="Gengar">Gengar</span> restored a little HP using its Black Sludge!</small></div><h2>Turn 10</h2><div class="spacer"></div><div><span class="battle-nickname" title="Deoxys-Defense">Deoxys</span>, come back!</div><div class="spacer"></div><div>Go! Vaporeon!</div><div class="spacer"></div><div>The opposing <span class="battle-nickname-foe" title="Gengar">Gengar</span> used <strong>Pain Split</strong>!</div><div><small>The battlers shared their pain!</small></div><div class="spacer"></div><div><small>The opposing <span class="battle-nickname-foe" title="Gengar">Gengar</span> restored a little HP using its Black Sludge!</small></div><div><small><span class="battle-nickname" title="Vaporeon">Vaporeon</span> restored a little HP using its Leftovers!</small></div><h2>Turn 11</h2><div class="spacer"></div><div>The opposing <span class="battle-nickname-foe" title="Gengar">Gengar</span> used <strong>Sludge Wave</strong>!</div><div><small><span class="battle-nickname" title="Vaporeon">Vaporeon</span> lost 33% of its health!</small><br></div><div class="spacer"></div><div><span class="battle-nickname" title="Vaporeon">Vaporeon</span> used <strong>Scald</strong>!</div><div><small>The opposing <span class="battle-nickname-foe" title="Gengar">Gengar</span> lost 43% of its health!</small><br></div><div class="spacer"></div><div><small>The opposing <span class="battle-nickname-foe" title="Gengar">Gengar</span> restored a little HP using its Black Sludge!</small></div><div><small><span class="battle-nickname" title="Vaporeon">Vaporeon</span> restored a little HP using its Leftovers!</small></div><h2>Turn 12</h2><div class="spacer"></div><div>The opposing <span class="battle-nickname-foe" title="Gengar">Gengar</span> used <strong>Disable</strong>!</div><div><small><span class="battle-nickname" title="Vaporeon">Vaporeon</span>'s Scald was disabled!</small></div><div class="spacer"></div><div><span class="battle-nickname" title="Vaporeon">Vaporeon</span> used <strong>Wish</strong>!</div><div class="spacer"></div><div><small>The opposing <span class="battle-nickname-foe" title="Gengar">Gengar</span> restored a little HP using its Black Sludge!</small></div><div><small><span class="battle-nickname" title="Vaporeon">Vaporeon</span> restored a little HP using its Leftovers!</small></div><h2>Turn 13</h2><div class="spacer"></div><div>The opposing <span class="battle-nickname-foe" title="Gengar">Gengar</span> used <strong>Sludge Wave</strong>!</div><div><small><span class="battle-nickname" title="Vaporeon">Vaporeon</span> lost 33% of its health!</small><br></div><div class="spacer"></div><div><span class="battle-nickname" title="Vaporeon">Vaporeon</span> used <strong>Ice Beam</strong>!</div><div><small>The opposing <span class="battle-nickname-foe" title="Gengar">Gengar</span> lost 37% of its health!</small><br></div><div class="spacer"></div><div><small>Vaporeon's wish came true!</small></div><div><small>The opposing <span class="battle-nickname-foe" title="Gengar">Gengar</span> restored a little HP using its Black Sludge!</small></div><div><small><span class="battle-nickname" title="Vaporeon">Vaporeon</span> restored a little HP using its Leftovers!</small></div><h2>Turn 14</h2><div class="spacer"></div><div>The opposing <span class="battle-nickname-foe" title="Gengar">Gengar</span> used <strong>Pain Split</strong>!</div><div><small>The battlers shared their pain!</small></div><div class="spacer"></div><div><span class="battle-nickname" title="Vaporeon">Vaporeon</span> used <strong>Ice Beam</strong>!</div><div><small>The opposing <span class="battle-nickname-foe" title="Gengar">Gengar</span> lost 38% of its health!</small><br></div><div class="spacer"></div><div><small>The opposing <span class="battle-nickname-foe" title="Gengar">Gengar</span> restored a little HP using its Black Sludge!</small></div><div><small><span class="battle-nickname" title="Vaporeon">Vaporeon</span> restored a little HP using its Leftovers!</small></div><h2>Turn 15</h2><div class="spacer"></div><div>The opposing <span class="battle-nickname-foe" title="Gengar">Gengar</span> used <strong>Sludge Wave</strong>!</div><div><small><span class="battle-nickname" title="Vaporeon">Vaporeon</span> lost 30% of its health!</small><br></div><div class="spacer"></div><div><span class="battle-nickname" title="Vaporeon">Vaporeon</span> used <strong>Wish</strong>!</div><div class="spacer"></div><div><small>The opposing <span class="battle-nickname-foe" title="Gengar">Gengar</span> restored a little HP using its Black Sludge!</small></div><div><small><span class="battle-nickname" title="Vaporeon">Vaporeon</span> restored a little HP using its Leftovers!</small></div><div><small><span class="battle-nickname" title="Vaporeon">Vaporeon</span>'s move is no longer disabled!</small></div><h2>Turn 16</h2><div class="spacer"></div><div><span class="battle-nickname" title="Vaporeon">Vaporeon</span> used <strong>Protect</strong>!</div><div><small><span class="battle-nickname" title="Vaporeon">Vaporeon</span> protected itself!</small></div><div class="spacer"></div><div>The opposing <span class="battle-nickname-foe" title="Gengar">Gengar</span> used <strong>Sludge Wave</strong>!</div><div><small><span class="battle-nickname" title="Vaporeon">Vaporeon</span> protected itself!</small></div><div class="spacer"></div><div><small>Vaporeon's wish came true!</small></div><div><small>The opposing <span class="battle-nickname-foe" title="Gengar">Gengar</span> restored a little HP using its Black Sludge!</small></div><div><small><span class="battle-nickname" title="Vaporeon">Vaporeon</span> restored a little HP using its Leftovers!</small></div><h2>Turn 17</h2><div class="spacer"></div><div><span class="battle-nickname" title="Vaporeon">Vaporeon</span>, come back!</div><div class="spacer"></div><div>Go! Muk!</div><div class="spacer"></div><div>The opposing <span class="battle-nickname-foe" title="Gengar">Gengar</span> used <strong>Pain Split</strong>!</div><div><small>The battlers shared their pain!</small></div><div class="spacer"></div><div><small>The opposing <span class="battle-nickname-foe" title="Gengar">Gengar</span> restored a little HP using its Black Sludge!</small></div><h2>Turn 18</h2><div class="spacer"></div><div>PkMARIO withdrew Gengar!</div><div class="spacer"></div><div>PkMARIO sent out Exploud!</div><div><small>Pointed stones dug into the opposing <span class="battle-nickname-foe" title="Exploud">Exploud</span>!</small></div><div class="spacer"></div><div><span class="battle-nickname" title="Muk">Muk</span> used <strong>Shadow Sneak</strong>!</div><div><small>It doesn't affect the opposing <span class="battle-nickname-foe" title="Exploud">Exploud</span>... </small></div><div class="spacer"></div><div><small>The opposing <span class="battle-nickname-foe" title="Exploud">Exploud</span> was hurt by poison!</small></div><div class="spacer"></div><div>The opposing <span class="battle-nickname-foe" title="Exploud">Exploud</span> fainted!</div><div class="spacer"></div><div>PkMARIO sent out Beheeyem!</div><div><small>Pointed stones dug into the opposing <span class="battle-nickname-foe" title="Beheeyem">Beheeyem</span>!</small></div><h2>Turn 19</h2><div class="spacer"></div><div><span class="battle-nickname" title="Muk">Muk</span> used <strong>Gunk Shot</strong>!</div><div><small>The opposing <span class="battle-nickname-foe" title="Beheeyem">Beheeyem</span> lost 71% of its health!</small><br></div><div><small><span class="battle-nickname" title="Muk">Muk</span> lost some of its HP!</small></div><div class="spacer"></div><div>The opposing <span class="battle-nickname-foe" title="Beheeyem">Beheeyem</span> used <strong>Psyshock</strong>!</div><div><small>It's super effective! </small><small><span class="battle-nickname" title="Muk">Muk</span> lost 25% of its health!</small><br></div><div><small>The opposing <span class="battle-nickname-foe" title="Beheeyem">Beheeyem</span> lost some of its HP!</small></div><div class="spacer"></div><div><span class="battle-nickname" title="Muk">Muk</span> fainted!</div><div class="spacer"></div><div>Go! Swanna!</div><h2>Turn 20</h2><div class="spacer"></div><div><span class="battle-nickname" title="Swanna">Swanna</span> used <strong>Scald</strong>!</div><div><small>The opposing <span class="battle-nickname-foe" title="Beheeyem">Beheeyem</span> lost 7% of its health!</small><br></div><div class="spacer"></div><div>The opposing <span class="battle-nickname-foe" title="Beheeyem">Beheeyem</span> fainted!</div><div class="spacer"></div><div>PkMARIO sent out <span class="battle-nickname-foe" title="Golem-Alola">Golem <small>(Golem-Alola)</small></span>!</div><div><small>Pointed stones dug into the opposing <span class="battle-nickname-foe" title="Golem-Alola">Golem</span>!</small></div><div><small>The opposing <span class="battle-nickname-foe" title="Golem-Alola">Golem</span> floats in the air with its Air Balloon!</small></div><h2>Turn 21</h2><div class="spacer"></div><div><span class="battle-nickname" title="Swanna">Swanna</span> used <strong>Scald</strong>!</div><div><small>It's super effective! </small><small>The opposing <span class="battle-nickname-foe" title="Golem-Alola">Golem</span> lost 76% of its health!</small><br></div><div><small>The opposing <span class="battle-nickname-foe" title="Golem-Alola">Golem</span>'s Air Balloon popped!</small></div><div class="spacer"></div><div>The opposing <span class="battle-nickname-foe" title="Golem-Alola">Golem</span> used <strong>Return</strong>!</div><div><small>It's super effective! </small><small><span class="battle-nickname" title="Swanna">Swanna</span> lost 100% of its health!</small><br></div><div class="spacer"></div><div><span class="battle-nickname" title="Swanna">Swanna</span> fainted!</div><div class="spacer"></div><div>Go! Swoobat!</div><h2>Turn 22</h2><div class="spacer"></div><div>The opposing <span class="battle-nickname-foe" title="Golem-Alola">Golem</span> used <strong>Sucker Punch</strong>!</div><div><small>It's super effective! </small><small><span class="battle-nickname" title="Swoobat">Swoobat</span> lost 70% of its health!</small><br></div><div class="spacer"></div><div><span class="battle-nickname" title="Swoobat">Swoobat</span> used <strong>Air Slash</strong>!</div><div><small>The opposing <span class="battle-nickname-foe" title="Golem-Alola">Golem</span> avoided the attack!</small></div><div class="spacer"></div><div><small><span class="battle-nickname" title="Swoobat">Swoobat</span> restored a little HP using its Leftovers!</small></div><h2>Turn 23</h2><div class="spacer"></div><div><span class="battle-nickname" title="Swoobat">Swoobat</span> used <strong>Substitute</strong>!</div><div><small><span class="battle-nickname" title="Swoobat">Swoobat</span> put in a substitute!</small></div><div><small><span class="battle-nickname" title="Swoobat">Swoobat</span> lost 25% of its health!</small><br></div><div class="spacer"></div><div>The opposing <span class="battle-nickname-foe" title="Golem-Alola">Golem</span> used <strong>Return</strong>!</div><div><small>It's super effective! <span class="battle-nickname" title="Swoobat">Swoobat</span>'s substitute faded!</small></div><div class="spacer"></div><div><small><span class="battle-nickname" title="Swoobat">Swoobat</span> restored a little HP using its Leftovers!</small></div><h2>Turn 24</h2><div class="spacer"></div><div>The opposing <span class="battle-nickname-foe" title="Golem-Alola">Golem</span> used <strong>Sucker Punch</strong>!</div><div><small>But it failed!</small></div><div class="spacer"></div><div><span class="battle-nickname" title="Swoobat">Swoobat</span> used <strong>Roost</strong>!</div><div><small><span class="battle-nickname" title="Swoobat">Swoobat</span> restored its HP.</small></div><div class="spacer"></div><div><small><span class="battle-nickname" title="Swoobat">Swoobat</span> restored a little HP using its Leftovers!</small></div><h2>Turn 25</h2><div class="spacer"></div><div>The opposing <span class="battle-nickname-foe" title="Golem-Alola">Golem</span> used <strong>Sucker Punch</strong>!</div><div><small>It's super effective! </small><small><span class="battle-nickname" title="Swoobat">Swoobat</span> lost 62% of its health!</small><br></div><div class="spacer"></div><div><span class="battle-nickname" title="Swoobat">Swoobat</span> used <strong>Air Slash</strong>!</div><div><small>It's not very effective... </small><small>The opposing <span class="battle-nickname-foe" title="Golem-Alola">Golem</span> lost 8% of its health!</small><br></div><div class="spacer"></div><div><small><span class="battle-nickname" title="Swoobat">Swoobat</span> restored a little HP using its Leftovers!</small></div><h2>Turn 26</h2><div class="spacer"></div><div>The opposing <span class="battle-nickname-foe" title="Golem-Alola">Golem</span> used <strong>Sucker Punch</strong>!</div><div><small>It's super effective! </small><small><span class="battle-nickname" title="Swoobat">Swoobat</span> lost 17% of its health!</small><br></div><div class="spacer"></div><div><span class="battle-nickname" title="Swoobat">Swoobat</span> fainted!</div><div class="spacer"></div><div>Go! Vaporeon!</div><h2>Turn 27</h2><div class="spacer"></div><div><span class="battle-nickname" title="Vaporeon">Vaporeon</span> used <strong>Wish</strong>!</div><div class="spacer"></div><div>The opposing <span class="battle-nickname-foe" title="Golem-Alola">Golem</span> used <strong>Return</strong>!</div><div><small>It's super effective! </small><small><span class="battle-nickname" title="Vaporeon">Vaporeon</span> lost 86% of its health!</small><br></div><div class="spacer"></div><div><span class="battle-nickname" title="Vaporeon">Vaporeon</span> fainted!</div><div class="spacer"></div><div>Go! Torkoal!</div><div><small>[<span class="battle-nickname" title="Torkoal">Torkoal</span>'s Drought!]</small></div><div><small>The sunlight turned harsh!</small></div><h2>Turn 28</h2><div class="spacer"></div><div>The opposing <span class="battle-nickname-foe" title="Golem-Alola">Golem</span> used <strong>Earthquake</strong>!</div><div><small>It's super effective! </small><small><span class="battle-nickname" title="Torkoal">Torkoal</span> lost 46% of its health!</small><br></div><div class="spacer"></div><div><span class="battle-nickname" title="Torkoal">Torkoal</span> used <strong>Shell Smash</strong>!</div><div><small><span class="battle-nickname" title="Torkoal">Torkoal</span>'s Defense fell! <span class="battle-nickname" title="Torkoal">Torkoal</span>'s Special Defense fell! </small></div><div><small><span class="battle-nickname" title="Torkoal">Torkoal</span>'s Attack rose sharply! <span class="battle-nickname" title="Torkoal">Torkoal</span>'s Special Attack rose sharply! <span class="battle-nickname" title="Torkoal">Torkoal</span>'s Speed rose sharply! </small></div><div><small><span class="battle-nickname" title="Torkoal">Torkoal</span> returned its status to normal using its White Herb!</small></div><div class="spacer"></div><div><small>Vaporeon's wish came true!</small></div><h2>Turn 29</h2><div class="spacer"></div><div>The opposing <span class="battle-nickname-foe" title="Golem-Alola">Golem</span> used <strong>Sucker Punch</strong>!</div><div><small><span class="battle-nickname" title="Torkoal">Torkoal</span> lost 16% of its health!</small><br></div><div class="spacer"></div><div><span class="battle-nickname" title="Torkoal">Torkoal</span> used <strong>Earth Power</strong>!</div><div><small>It's super effective! </small><small>The opposing <span class="battle-nickname-foe" title="Golem-Alola">Golem</span> lost 4% of its health!</small><br></div><div class="spacer"></div><div>The opposing <span class="battle-nickname-foe" title="Golem-Alola">Golem</span> fainted!</div><div class="spacer"></div><div>PkMARIO sent out Gengar!</div><div><small>Pointed stones dug into the opposing <span class="battle-nickname-foe" title="Gengar">Gengar</span>!</small></div><h2>Turn 30</h2><div class="spacer"></div><div>The opposing <span class="battle-nickname-foe" title="Gengar">Gengar</span> used <strong>Substitute</strong>!</div><div><small>The opposing <span class="battle-nickname-foe" title="Gengar">Gengar</span> put in a substitute!</small></div><div><small>The opposing <span class="battle-nickname-foe" title="Gengar">Gengar</span> lost 25% of its health!</small><br></div><div class="spacer"></div><div><span class="battle-nickname" title="Torkoal">Torkoal</span> used <strong>Lava Plume</strong>!</div><div><small>The opposing <span class="battle-nickname-foe" title="Gengar">Gengar</span>'s substitute faded!</small></div><div class="spacer"></div><div><small>The opposing <span class="battle-nickname-foe" title="Gengar">Gengar</span> restored a little HP using its Black Sludge!</small></div><h2>Turn 31</h2><div class="spacer"></div><div>The opposing <span class="battle-nickname-foe" title="Gengar">Gengar</span> used <strong>Disable</strong>!</div><div><small><span class="battle-nickname" title="Torkoal">Torkoal</span>'s Lava Plume was disabled!</small></div><div class="spacer"></div><div><span class="battle-nickname" title="Torkoal">Torkoal</span> used <strong>Shell Smash</strong>!</div><div><small><span class="battle-nickname" title="Torkoal">Torkoal</span>'s Defense fell! <span class="battle-nickname" title="Torkoal">Torkoal</span>'s Special Defense fell! </small></div><div><small><span class="battle-nickname" title="Torkoal">Torkoal</span>'s Attack rose sharply! <span class="battle-nickname" title="Torkoal">Torkoal</span>'s Special Attack rose sharply! <span class="battle-nickname" title="Torkoal">Torkoal</span>'s Speed rose sharply! </small></div><div class="spacer"></div><div><small>The opposing <span class="battle-nickname-foe" title="Gengar">Gengar</span> restored a little HP using its Black Sludge!</small></div><h2>Turn 32</h2><div class="spacer"></div><div><span class="battle-nickname" title="Torkoal">Torkoal</span> used <strong>Earth Power</strong>!</div><div><small>It's super effective! </small><small>The opposing <span class="battle-nickname-foe" title="Gengar">Gengar</span> lost 27% of its health!</small><br></div><div class="spacer"></div><div>The opposing <span class="battle-nickname-foe" title="Gengar">Gengar</span> fainted!</div><div class="spacer"></div><div><small>The sunlight faded.</small></div><div class="spacer"></div><div>PkMARIO sent out Venusaur!</div><div><small>Pointed stones dug into the opposing <span class="battle-nickname-foe" title="Venusaur">Venusaur</span>!</small></div><h2>Turn 33</h2><div class="spacer"></div><div><small>The opposing <span class="battle-nickname-foe" title="Venusaur-Mega">Venusaur</span>'s Venusaurite is reacting to PkMARIO's Mega Bracelet!<br>The opposing <span class="battle-nickname-foe" title="Venusaur-Mega">Venusaur</span> has Mega Evolved into Mega Venusaur!</small></div><div class="spacer"></div><div><span class="battle-nickname" title="Torkoal">Torkoal</span> used <strong>Yawn</strong>!</div><div><small>The opposing <span class="battle-nickname-foe" title="Venusaur-Mega">Venusaur</span> grew drowsy!</small></div><div class="spacer"></div><div>The opposing <span class="battle-nickname-foe" title="Venusaur-Mega">Venusaur</span> used <strong>Earthquake</strong>!</div><div><small>It's super effective! </small><small><span class="battle-nickname" title="Torkoal">Torkoal</span> lost 53% of its health!</small><br></div><h2>Turn 34</h2><div class="spacer"></div><div><span class="battle-nickname" title="Torkoal">Torkoal</span> used <strong>Earth Power</strong>!</div><div><small>The opposing <span class="battle-nickname-foe" title="Venusaur-Mega">Venusaur</span> lost 56% of its health!</small><br></div><div class="spacer"></div><div>The opposing <span class="battle-nickname-foe" title="Venusaur-Mega">Venusaur</span> used <strong>Earthquake</strong>!</div><div><small>It's super effective! </small><small><span class="battle-nickname" title="Torkoal">Torkoal</span> lost 31% of its health!</small><br></div><div class="spacer"></div><div><span class="battle-nickname" title="Torkoal">Torkoal</span> fainted!</div><div class="spacer"></div><div><small>The opposing <span class="battle-nickname-foe" title="Venusaur-Mega">Venusaur</span> fell asleep!</small></div><div class="spacer"></div><div>Go! <span class="battle-nickname" title="Deoxys-Defense">Deoxys <small>(Deoxys-Defense)</small></span>!</div><div><small>[<span class="battle-nickname" title="Deoxys-Defense">Deoxys</span>'s Pressure!]</small></div><div><small><span class="battle-nickname" title="Deoxys-Defense">Deoxys</span> is exerting its pressure!</small></div><h2>Turn 35</h2><div class="spacer"></div><div><span class="battle-nickname" title="Deoxys-Defense">Deoxys</span> used <strong>Seismic Toss</strong>!</div><div><small>The opposing <span class="battle-nickname-foe" title="Venusaur-Mega">Venusaur</span> lost 29% of its health!</small><br></div><div class="spacer"></div><div>The opposing <span class="battle-nickname-foe" title="Venusaur-Mega">Venusaur</span> is fast asleep.</div><h2>Turn 36</h2><div class="spacer"></div><div><span class="battle-nickname" title="Deoxys-Defense">Deoxys</span> used <strong>Seismic Toss</strong>!</div><div><small>The opposing <span class="battle-nickname-foe" title="Venusaur-Mega">Venusaur</span> lost 3% of its health!</small><br></div><div class="spacer"></div><div>The opposing <span class="battle-nickname-foe" title="Venusaur-Mega">Venusaur</span> fainted!</div><div class="spacer"></div><div>PkMARIO sent out Carnivine!</div><div><small>Pointed stones dug into the opposing <span class="battle-nickname-foe" title="Carnivine">Carnivine</span>!</small></div><h2>Turn 37</h2><div class="spacer"></div><div><span class="battle-nickname" title="Deoxys-Defense">Deoxys</span> used <strong>Toxic</strong>!</div><div><small>The opposing <span class="battle-nickname-foe" title="Carnivine">Carnivine</span> was badly poisoned!</small></div><div class="spacer"></div><div>The opposing <span class="battle-nickname-foe" title="Carnivine">Carnivine</span> used <strong>Knock Off</strong>!</div><div><small>It's super effective! </small><small><span class="battle-nickname" title="Deoxys-Defense">Deoxys</span> lost 47% of its health!</small><br></div><div><small>The opposing <span class="battle-nickname-foe" title="Carnivine">Carnivine</span> knocked off <span class="battle-nickname" title="Deoxys-Defense">Deoxys</span>'s Leftovers!</small></div><div class="spacer"></div><div><small>The opposing <span class="battle-nickname-foe" title="Carnivine">Carnivine</span> was hurt by poison!</small></div><h2>Turn 38</h2><div class="spacer"></div><div><span class="battle-nickname" title="Deoxys-Defense">Deoxys</span> used <strong>Recover</strong>!</div><div><small><span class="battle-nickname" title="Deoxys-Defense">Deoxys</span> restored its HP.</small></div><div class="spacer"></div><div>The opposing <span class="battle-nickname-foe" title="Carnivine">Carnivine</span> used <strong>Swords Dance</strong>!</div><div><small>The opposing <span class="battle-nickname-foe" title="Carnivine">Carnivine</span>'s Attack rose sharply! </small></div><div class="spacer"></div><div><small>The opposing <span class="battle-nickname-foe" title="Carnivine">Carnivine</span> was hurt by poison!</small></div><h2>Turn 39</h2><div class="spacer"></div><div><span class="battle-nickname" title="Deoxys-Defense">Deoxys</span> used <strong>Seismic Toss</strong>!</div><div><small>The opposing <span class="battle-nickname-foe" title="Carnivine">Carnivine</span> lost 29% of its health!</small><br></div><div><small>The opposing <span class="battle-nickname-foe" title="Carnivine">Carnivine</span> surrounded itself with its Z-Power! </small></div><div class="spacer"></div><div><small>The opposing <span class="battle-nickname-foe" title="Carnivine">Carnivine</span> unleashes its full-force Z-Move!</small></div><div>The opposing <span class="battle-nickname-foe" title="Carnivine">Carnivine</span> used <strong>Bloom Doom</strong>!</div><div><small><span class="battle-nickname" title="Deoxys-Defense">Deoxys</span> lost 100% of its health!</small><br></div><div class="spacer"></div><div><span class="battle-nickname" title="Deoxys-Defense">Deoxys</span> fainted!</div><div class="spacer"></div><div>PkMARIO won the battle!</div><div class="chat">Rusl2's rating: 1618 → <strong>1599</strong><br>(-19 for losing)</div><div class="chat">PkMARIO's rating: 1630 → <strong>1649</strong><br>(+19 for winning)</div><div class="chat chatmessage-pkmario"><strong style="color:hsl(295,72.534%,52.534000000000006%);"><small>☆</small><span class="username" data-name="PkMARIO">PkMARIO</span>:</strong> <em>gg</em></div><div class="chat chatmessage-rusl2"><strong style="color:hsl(127,80.1877408%,43.8122592%);"><small>☆</small><span class="username" data-name="Rusl2">Rusl2</span>:</strong> <em>Gg</em></div></div></div>
</div>
<script>
var daily = Math.floor(Date.now()/1000/60/60/24);document.write('<script src="https://play.pokemonshowdown.com/js/replay-embed.js?version'+daily+'"></'+'script>');
</script>
