<!DOCTYPE html>
<meta charset="utf-8" />
<!-- version 1 -->
<title>[Gen 7] Random Battle replay: Decides vs. guast 458761</title>
<style>
html,body {font-family:Verdana, sans-serif;font-size:10pt;margin:0;padding:0;}body{padding:12px 0;} .battle-log {font-family:Verdana, sans-serif;font-size:10pt;} .battle-log-inline {border:1px solid #AAAAAA;background:#EEF2F5;color:black;max-width:640px;margin:0 auto 80px;padding-bottom:5px;} .battle-log .inner {padding:4px 8px 0px 8px;} .battle-log .inner-preempt {padding:0 8px 4px 8px;} .battle-log .inner-after {margin-top:0.5em;} .battle-log h2 {margin:0.5em -8px;padding:4px 8px;border:1px solid #AAAAAA;background:#E0E7EA;border-left:0;border-right:0;font-family:Verdana, sans-serif;font-size:13pt;} .battle-log .chat {vertical-align:middle;padding:3px 0 3px 0;font-size:8pt;} .battle-log .chat strong {color:#40576A;} .battle-log .chat em {padding:1px 4px 1px 3px;color:#000000;font-style:normal;} .chat.mine {background:rgba(0,0,0,0.05);margin-left:-8px;margin-right:-8px;padding-left:8px;padding-right:8px;} .spoiler {color:#BBBBBB;background:#BBBBBB;padding:0px 3px;} .spoiler:hover, .spoiler:active, .spoiler-shown {color:#000000;background:#E2E2E2;padding:0px 3px;} .spoiler a {color:#BBBBBB;} .spoiler:hover a, .spoiler:active a, .spoiler-shown a {color:#2288CC;} .chat code, .chat .spoiler:hover code, .chat .spoiler:active code, .chat .spoiler-shown code {border:1px solid #C0C0C0;background:#EEEEEE;color:black;padding:0 2px;} .chat .spoiler code {border:1px solid #CCCCCC;background:#CCCCCC;color:#CCCCCC;} .battle-log .rated {padding:3px 4px;} .battle-log .rated strong {color:white;background:#89A;padding:1px 4px;border-radius:4px;} .spacer {margin-top:0.5em;} .message-announce {background:#6688AA;color:white;padding:1px 4px 2px;} .message-announce a, .broadcast-green a, .broadcast-blue a, .broadcast-red a {color:#DDEEFF;} .broadcast-green {background-color:#559955;color:white;padding:2px 4px;} .broadcast-blue {background-color:#6688AA;color:white;padding:2px 4px;} .infobox {border:1px solid #6688AA;padding:2px 4px;} .infobox-limited {max-height:200px;overflow:auto;overflow-x:hidden;} .broadcast-red {background-color:#AA5544;color:white;padding:2px 4px;} .message-learn-canlearn {font-weight:bold;color:#228822;text-decoration:underline;} .message-learn-cannotlearn {font-weight:bold;color:#CC2222;text-decoration:underline;} .message-effect-weak {font-weight:bold;color:#CC2222;} .message-effect-resist {font-weight:bold;color:#6688AA;} .message-effect-immune {font-weight:bold;color:#666666;} .message-learn-list {margin-top:0;margin-bottom:0;} .message-throttle-notice, .message-error {color:#992222;} .message-overflow, .chat small.message-overflow {font-size:0pt;} .message-overflow::before {font-size:9pt;content:'...';} .subtle {color:#3A4A66;}
</style>
<div class="wrapper replay-wrapper" style="max-width:1180px;margin:0 auto">
<input type="hidden" name="replayid" value="gen7randombattle-566848997" />
<div class="battle"></div><div class="battle-log"></div><div class="replay-controls"></div><div class="replay-controls-2"></div>
<h1 style="font-weight:normal;text-align:center"><strong>[Gen 7] Random Battle</strong><br /><a href="http://pokemonshowdown.com/users/decides" class="subtle" target="_blank">Decides</a> vs. <a href="http://pokemonshowdown.com/users/guast458761" class="subtle" target="_blank">guast 458761</a></h1>
<script type="text/plain" class="battle-log-data">|j|Decides
|j|guast 458761
|player|p1|Decides|274
|player|p2|guast 458761|97
|gametype|singles
|gen|7
|tier|[Gen 7] Random Battle
|rated
|seed|26125,18652,29412,38069,680,11321,64719,41547,16184,23509,34141,41955
|rule|Sleep Clause Mod: Limit one foe put to sleep
|rule|HP Percentage Mod: HP is shown in percentages
|
|start
|switch|p1a: Solgaleo|Solgaleo, L73|100\/100
|switch|p2a: Lunatone|Lunatone, L79|100\/100
|turn|1
|choice|move sunsteelstrike|switch 2
|
|switch|p2a: Emboar|Emboar, L79, M|100\/100
|move|p1a: Solgaleo|Sunsteel Strike|p2a: Emboar
|-resisted|p2a: Emboar
|-damage|p2a: Emboar|77\/100
|
|upkeep
|turn|2
|choice|move earthquake|move flareblitz
|
|move|p1a: Solgaleo|Earthquake|p2a: Emboar
|-supereffective|p2a: Emboar
|-damage|p2a: Emboar|16\/100
|move|p2a: Emboar|Flare Blitz|p1a: Solgaleo
|-supereffective|p1a: Solgaleo
|-damage|p1a: Solgaleo|0 fnt
|-damage|p2a: Emboar|0 fnt|[from] recoil|[of] p1a: Solgaleo
|faint|p1a: Solgaleo
|faint|p2a: Emboar
|
|upkeep
|choice|switch 2|switch 4
|
|switch|p1a: Minior|Minior, L79|100\/100
|switch|p2a: Forretress|Forretress, L77, M|100\/100
|-formechange|p1a: Minior|Minior-Meteor|[from] ability: Shields Down
|turn|3
|choice|move shellsmash|move gyroball
|
|move|p1a: Minior|Shell Smash|p1a: Minior
|-unboost|p1a: Minior|def|1
|-unboost|p1a: Minior|spd|1
|-boost|p1a: Minior|atk|2
|-boost|p1a: Minior|spa|2
|-boost|p1a: Minior|spe|2
|-enditem|p1a: Minior|White Herb
|-clearnegativeboost|p1a: Minior|[silent]
|move|p2a: Forretress|Gyro Ball|p1a: Minior
|-supereffective|p1a: Minior
|-damage|p1a: Minior|23\/100
|
|-formechange|p1a: Minior|Minior|[msg]|[from] ability: Shields Down
|upkeep
|turn|4
|choice|move earthquake|move voltswitch
|
|move|p1a: Minior|Earthquake|p2a: Forretress
|-damage|p2a: Forretress|61\/100
|move|p2a: Forretress|Volt Switch|p1a: Minior
|-supereffective|p1a: Minior
|-damage|p1a: Minior|0 fnt
|faint|p1a: Minior
|choice||switch 6
|
|switch|p2a: Crawdaunt|Crawdaunt, L78, M|100\/100
|
|upkeep
|choice|switch 3|
|
|switch|p1a: Komala|Komala, L79, F|100\/100
|-ability|p1a: Komala|Comatose
|turn|5
|choice|move woodhammer|move knockoff
|
|move|p1a: Komala|Wood Hammer|p2a: Crawdaunt
|-supereffective|p2a: Crawdaunt
|-crit|p2a: Crawdaunt
|-damage|p2a: Crawdaunt|0 fnt
|-damage|p1a: Komala|68\/100|[from] recoil|[of] p2a: Crawdaunt
|faint|p2a: Crawdaunt
|
|upkeep
|choice||switch 6
|
|switch|p2a: Forretress|Forretress, L77, M|61\/100
|turn|6
|choice|switch 4|move spikes
|
|switch|p1a: Kingler|Kingler, L79, M|100\/100
|move|p2a: Forretress|Spikes|p1a: Kingler
|-sidestart|p1: Decides|Spikes
|
|-heal|p2a: Forretress|67\/100|[from] item: Leftovers
|upkeep
|turn|7
|choice|move agility|move toxic
|
|move|p1a: Kingler|Agility|p1a: Kingler
|-boost|p1a: Kingler|spe|2
|move|p2a: Forretress|Toxic|p1a: Kingler
|-status|p1a: Kingler|tox
|
|-heal|p2a: Forretress|74\/100|[from] item: Leftovers
|-damage|p1a: Kingler|94\/100 tox|[from] psn
|upkeep
|turn|8
|choice|move knockoff|move gyroball
|
|move|p1a: Kingler|Knock Off|p2a: Forretress
|-damage|p2a: Forretress|44\/100
|-enditem|p2a: Forretress|Leftovers|[from] move: Knock Off|[of] p1a: Kingler
|-damage|p1a: Kingler|85\/100 tox|[from] item: Life Orb
|move|p2a: Forretress|Gyro Ball|p1a: Kingler
|-resisted|p1a: Kingler
|-damage|p1a: Kingler|64\/100 tox
|
|-damage|p1a: Kingler|52\/100 tox|[from] psn
|upkeep
|turn|9
|choice|move crabhammer|move voltswitch
|
|move|p1a: Kingler|Crabhammer|p2a: Forretress
|-crit|p2a: Forretress
|-damage|p2a: Forretress|0 fnt
|-damage|p1a: Kingler|42\/100 tox|[from] item: Life Orb
|faint|p2a: Forretress
|
|-damage|p1a: Kingler|24\/100 tox|[from] psn
|upkeep
|choice||switch 3
|
|switch|p2a: Golem|Golem-Alola, L79, F|100\/100
|-item|p2a: Golem|Air Balloon
|turn|10
|choice|move knockoff|move suckerpunch
|
|move|p2a: Golem|Sucker Punch|p1a: Kingler
|-damage|p1a: Kingler|5\/100 tox
|move|p1a: Kingler|Knock Off|p2a: Golem
|-damage|p2a: Golem|70\/100
|-enditem|p2a: Golem|Air Balloon
|-damage|p1a: Kingler|0 fnt|[from] item: Life Orb
|faint|p1a: Kingler
|
|upkeep
|choice|switch 4|
|
|switch|p1a: Komala|Komala, L79, F|68\/100
|-damage|p1a: Komala|56\/100|[from] Spikes
|-ability|p1a: Komala|Comatose
|turn|11
|choice|move earthquake|switch 5
|
|switch|p2a: Spiritomb|Spiritomb, L79, M|100\/100
|move|p1a: Komala|Earthquake|p2a: Spiritomb
|-damage|p2a: Spiritomb|68\/100
|
|-heal|p2a: Spiritomb|75\/100|[from] item: Leftovers
|upkeep
|turn|12
|choice|switch 5|move darkpulse
|
|switch|p1a: Mandibuzz|Mandibuzz, L77, F|100\/100
|move|p2a: Spiritomb|Dark Pulse|p1a: Mandibuzz
|-resisted|p1a: Mandibuzz
|-damage|p1a: Mandibuzz|87\/100
|
|-heal|p1a: Mandibuzz|93\/100|[from] item: Leftovers
|-heal|p2a: Spiritomb|81\/100|[from] item: Leftovers
|upkeep
|turn|13
|choice|move defog|switch 5
|
|switch|p2a: Golem|Golem-Alola, L79, F|70\/100
|move|p1a: Mandibuzz|Defog|p2a: Golem
|-unboost|p2a: Golem|evasion|1
|-sideend|p1: Decides|Spikes|[from] move: Defog|[of] p1a: Mandibuzz
|
|-heal|p1a: Mandibuzz|99\/100|[from] item: Leftovers
|upkeep
|turn|14
|choice|move bravebird|move stoneedge
|
|move|p1a: Mandibuzz|Brave Bird|p2a: Golem
|-resisted|p2a: Golem
|-damage|p2a: Golem|65\/100
|-damage|p1a: Mandibuzz|98\/100|[from] recoil|[of] p2a: Golem
|move|p2a: Golem|Stone Edge|p1a: Mandibuzz
|-supereffective|p1a: Mandibuzz
|-damage|p1a: Mandibuzz|26\/100
|
|-heal|p1a: Mandibuzz|32\/100|[from] item: Leftovers
|upkeep
|turn|15
|choice|switch 5|move thunderpunch
|
|switch|p1a: Komala|Komala, L79, F|56\/100
|-ability|p1a: Komala|Comatose
|move|p2a: Golem|Thunder Punch|p1a: Komala
|-damage|p1a: Komala|11\/100
|
|upkeep
|turn|16
|choice|move woodhammer|move suckerpunch
|
|move|p2a: Golem|Sucker Punch|p1a: Komala
|-crit|p1a: Komala
|-damage|p1a: Komala|0 fnt
|faint|p1a: Komala
|
|upkeep
|choice|switch 5|
|
|switch|p1a: Mandibuzz|Mandibuzz, L77, F|32\/100
|turn|17
|choice|move whirlwind|move thunderpunch
|
|move|p2a: Golem|Thunder Punch|p1a: Mandibuzz
|-supereffective|p1a: Mandibuzz
|-damage|p1a: Mandibuzz|0 fnt
|faint|p1a: Mandibuzz
|
|upkeep
|choice|switch 6|
|
|switch|p1a: Blaziken|Blaziken, L73, M|100\/100
|turn|18
|choice|move substitute mega|move thunderpunch
|
|detailschange|p1a: Blaziken|Blaziken-Mega, L73, M
|-mega|p1a: Blaziken|Blaziken|Blazikenite
|move|p1a: Blaziken|Substitute|p1a: Blaziken
|-start|p1a: Blaziken|Substitute
|-damage|p1a: Blaziken|76\/100
|move|p2a: Golem|Thunder Punch|p1a: Blaziken
|-end|p1a: Blaziken|Substitute
|
|-ability|p1a: Blaziken|Speed Boost|boost
|-boost|p1a: Blaziken|spe|1
|upkeep
|turn|19
|choice|move highjumpkick|switch 5
|
|switch|p2a: Spiritomb|Spiritomb, L79, M|81\/100
|move|p1a: Blaziken|High Jump Kick|p2a: Spiritomb
|-immune|p2a: Spiritomb|[msg]
|-damage|p1a: Blaziken|26\/100|[from] highjumpkick
|
|-heal|p2a: Spiritomb|87\/100|[from] item: Leftovers
|-ability|p1a: Blaziken|Speed Boost|boost
|-boost|p1a: Blaziken|spe|1
|upkeep
|turn|20
|choice|move substitute|move darkpulse
|
|move|p1a: Blaziken|Substitute|p1a: Blaziken
|-start|p1a: Blaziken|Substitute
|-damage|p1a: Blaziken|1\/100
|move|p2a: Spiritomb|Dark Pulse|p1a: Blaziken
|-resisted|p1a: Blaziken
|-damage|p1a: Blaziken|0 fnt
|faint|p1a: Blaziken
|
|win|guast 458761
|raw|Decides's rating: 1206 &rarr; <strong>1185<\/strong><br \/>(-21 for losing)
|raw|guast 458761's rating: 1255 &rarr; <strong>1277<\/strong><br \/>(+22 for winning)
|l|Decides</script>
</div>
<div class="battle-log battle-log-inline"><div class="inner"><div class="chat"><small>Decides joined.</small></div><div class="chat"><small>guast 458761 joined.</small></div><div style="padding:5px 0"><small>Format:</small> <br><strong>[Gen 7] Random Battle</strong></div><div class="rated"><strong>Rated battle</strong></div><div><small><em>Sleep Clause Mod:</em> Limit one foe put to sleep</small></div><div><small><em>HP Percentage Mod:</em> HP is shown in percentages</small></div><div>Battle between Decides and guast 458761 started!</div><div class="spacer"></div><div>Go! Solgaleo!</div><div class="spacer"></div><div>guast 458761 sent out Lunatone!</div><h2>Turn 1</h2><div class="spacer"></div><div>guast 458761 withdrew Lunatone!</div><div class="spacer"></div><div>guast 458761 sent out Emboar!</div><div class="spacer"></div><div><span class="battle-nickname" title="Solgaleo">Solgaleo</span> used <strong>Sunsteel Strike</strong>!</div><div><small>It's not very effective... </small><small>The opposing <span class="battle-nickname-foe" title="Emboar">Emboar</span> lost 23% of its health!</small><br></div><h2>Turn 2</h2><div class="spacer"></div><div><span class="battle-nickname" title="Solgaleo">Solgaleo</span> used <strong>Earthquake</strong>!</div><div><small>It's super effective! </small><small>The opposing <span class="battle-nickname-foe" title="Emboar">Emboar</span> lost 61% of its health!</small><br></div><div class="spacer"></div><div>The opposing <span class="battle-nickname-foe" title="Emboar">Emboar</span> used <strong>Flare Blitz</strong>!</div><div><small>It's super effective! </small><small><span class="battle-nickname" title="Solgaleo">Solgaleo</span> lost 100% of its health!</small><br></div><div><small>The opposing <span class="battle-nickname-foe" title="Emboar">Emboar</span> is damaged by the recoil!</small></div><div class="spacer"></div><div><span class="battle-nickname" title="Solgaleo">Solgaleo</span> fainted!</div><div class="spacer"></div><div>The opposing <span class="battle-nickname-foe" title="Emboar">Emboar</span> fainted!</div><div class="spacer"></div><div>Go! Minior!</div><div class="spacer"></div><div>guast 458761 sent out Forretress!</div><div><small>[<span class="battle-nickname" title="Minior">Minior</span>'s Shields Down!]</small></div><div><small>Shields Down deactivated!</small></div><h2>Turn 3</h2><div class="spacer"></div><div><span class="battle-nickname" title="Minior">Minior</span> used <strong>Shell Smash</strong>!</div><div><small><span class="battle-nickname" title="Minior">Minior</span>'s Defense fell! <span class="battle-nickname" title="Minior">Minior</span>'s Special Defense fell! </small></div><div><small><span class="battle-nickname" title="Minior">Minior</span>'s Attack rose sharply! <span class="battle-nickname" title="Minior">Minior</span>'s Special Attack rose sharply! <span class="battle-nickname" title="Minior">Minior</span>'s Speed rose sharply! </small></div><div><small><span class="battle-nickname" title="Minior">Minior</span> returned its status to normal using its White Herb!</small></div><div class="spacer"></div><div>The opposing <span class="battle-nickname-foe" title="Forretress">Forretress</span> used <strong>Gyro Ball</strong>!</div><div><small>It's super effective! </small><small><span class="battle-nickname" title="Minior">Minior</span> lost 77% of its health!</small><br></div><div><small>[<span class="battle-nickname" title="Minior">Minior</span>'s Shields Down!]</small></div><div><small><span class="battle-nickname" title="Minior">Minior</span> transformed!</small></div><h2>Turn 4</h2><div class="spacer"></div><div><span class="battle-nickname" title="Minior">Minior</span> used <strong>Earthquake</strong>!</div><div><small>The opposing <span class="battle-nickname-foe" title="Forretress">Forretress</span> lost 39% of its health!</small><br></div><div class="spacer"></div><div>The opposing <span class="battle-nickname-foe" title="Forretress">Forretress</span> used <strong>Volt Switch</strong>!</div><div><small>It's super effective! </small><small><span class="battle-nickname" title="Minior">Minior</span> lost 23% of its health!</small><br></div><div class="spacer"></div><div><span class="battle-nickname" title="Minior">Minior</span> fainted!</div><div class="spacer"></div><div>The opposing <span class="battle-nickname-foe" title="Forretress">Forretress</span> went back to guast 458761!</div><div class="spacer"></div><div>guast 458761 sent out Crawdaunt!</div><div class="spacer"></div><div>Go! Komala!</div><div><small>[<span class="battle-nickname" title="Komala">Komala</span>'s Comatose!]</small></div><div><small><span class="battle-nickname" title="Komala">Komala</span> is drowsing!</small></div><h2>Turn 5</h2><div class="spacer"></div><div><span class="battle-nickname" title="Komala">Komala</span> used <strong>Wood Hammer</strong>!</div><div><small>It's super effective! A critical hit! </small><small>The opposing <span class="battle-nickname-foe" title="Crawdaunt">Crawdaunt</span> lost 100% of its health!</small><br></div><div><small><span class="battle-nickname" title="Komala">Komala</span> is damaged by the recoil!</small></div><div class="spacer"></div><div>The opposing <span class="battle-nickname-foe" title="Crawdaunt">Crawdaunt</span> fainted!</div><div class="spacer"></div><div>guast 458761 sent out Forretress!</div><h2>Turn 6</h2><div class="spacer"></div><div><span class="battle-nickname" title="Komala">Komala</span>, come back!</div><div class="spacer"></div><div>Go! Kingler!</div><div class="spacer"></div><div>The opposing <span class="battle-nickname-foe" title="Forretress">Forretress</span> used <strong>Spikes</strong>!</div><div><small>Spikes were scattered on the ground all around your team!</small></div><div class="spacer"></div><div><small>The opposing <span class="battle-nickname-foe" title="Forretress">Forretress</span> restored a little HP using its Leftovers!</small></div><h2>Turn 7</h2><div class="spacer"></div><div><span class="battle-nickname" title="Kingler">Kingler</span> used <strong>Agility</strong>!</div><div><small><span class="battle-nickname" title="Kingler">Kingler</span>'s Speed rose sharply! </small></div><div class="spacer"></div><div>The opposing <span class="battle-nickname-foe" title="Forretress">Forretress</span> used <strong>Toxic</strong>!</div><div><small><span class="battle-nickname" title="Kingler">Kingler</span> was badly poisoned!</small></div><div class="spacer"></div><div><small>The opposing <span class="battle-nickname-foe" title="Forretress">Forretress</span> restored a little HP using its Leftovers!</small></div><div><small><span class="battle-nickname" title="Kingler">Kingler</span> was hurt by poison!</small></div><h2>Turn 8</h2><div class="spacer"></div><div><span class="battle-nickname" title="Kingler">Kingler</span> used <strong>Knock Off</strong>!</div><div><small>The opposing <span class="battle-nickname-foe" title="Forretress">Forretress</span> lost 30% of its health!</small><br></div><div><small><span class="battle-nickname" title="Kingler">Kingler</span> knocked off the opposing <span class="battle-nickname-foe" title="Forretress">Forretress</span>'s Leftovers!</small></div><div><small><span class="battle-nickname" title="Kingler">Kingler</span> lost some of its HP!</small></div><div class="spacer"></div><div>The opposing <span class="battle-nickname-foe" title="Forretress">Forretress</span> used <strong>Gyro Ball</strong>!</div><div><small>It's not very effective... </small><small><span class="battle-nickname" title="Kingler">Kingler</span> lost 21% of its health!</small><br></div><div class="spacer"></div><div><small><span class="battle-nickname" title="Kingler">Kingler</span> was hurt by poison!</small></div><h2>Turn 9</h2><div class="spacer"></div><div><span class="battle-nickname" title="Kingler">Kingler</span> used <strong>Crabhammer</strong>!</div><div><small>A critical hit! </small><small>The opposing <span class="battle-nickname-foe" title="Forretress">Forretress</span> lost 44% of its health!</small><br></div><div><small><span class="battle-nickname" title="Kingler">Kingler</span> lost some of its HP!</small></div><div class="spacer"></div><div>The opposing <span class="battle-nickname-foe" title="Forretress">Forretress</span> fainted!</div><div class="spacer"></div><div><small><span class="battle-nickname" title="Kingler">Kingler</span> was hurt by poison!</small></div><div class="spacer"></div><div>guast 458761 sent out <span class="battle-nickname-foe" title="Golem-Alola">Golem <small>(Golem-Alola)</small></span>!</div><div><small>The opposing <span class="battle-nickname-foe" title="Golem-Alola">Golem</span> floats in the air with its Air Balloon!</small></div><h2>Turn 10</h2><div class="spacer"></div><div>The opposing <span class="battle-nickname-foe" title="Golem-Alola">Golem</span> used <strong>Sucker Punch</strong>!</div><div><small><span class="battle-nickname" title="Kingler">Kingler</span> lost 19% of its health!</small><br></div><div class="spacer"></div><div><span class="battle-nickname" title="Kingler">Kingler</span> used <strong>Knock Off</strong>!</div><div><small>The opposing <span class="battle-nickname-foe" title="Golem-Alola">Golem</span> lost 30% of its health!</small><br></div><div><small>The opposing <span class="battle-nickname-foe" title="Golem-Alola">Golem</span>'s Air Balloon popped!</small></div><div><small><span class="battle-nickname" title="Kingler">Kingler</span> lost some of its HP!</small></div><div class="spacer"></div><div><span class="battle-nickname" title="Kingler">Kingler</span> fainted!</div><div class="spacer"></div><div>Go! Komala!</div><div><small><span class="battle-nickname" title="Komala">Komala</span> is hurt by the spikes!</small></div><div><small>[<span class="battle-nickname" title="Komala">Komala</span>'s Comatose!]</small></div><div><small><span class="battle-nickname" title="Komala">Komala</span> is drowsing!</small></div><h2>Turn 11</h2><div class="spacer"></div><div>guast 458761 withdrew <span class="battle-nickname-foe" title="Golem-Alola">Golem <small>(Golem-Alola)</small></span>!</div><div class="spacer"></div><div>guast 458761 sent out Spiritomb!</div><div class="spacer"></div><div><span class="battle-nickname" title="Komala">Komala</span> used <strong>Earthquake</strong>!</div><div><small>The opposing <span class="battle-nickname-foe" title="Spiritomb">Spiritomb</span> lost 32% of its health!</small><br></div><div class="spacer"></div><div><small>The opposing <span class="battle-nickname-foe" title="Spiritomb">Spiritomb</span> restored a little HP using its Leftovers!</small></div><h2>Turn 12</h2><div class="spacer"></div><div><span class="battle-nickname" title="Komala">Komala</span>, come back!</div><div class="spacer"></div><div>Go! Mandibuzz!</div><div class="spacer"></div><div>The opposing <span class="battle-nickname-foe" title="Spiritomb">Spiritomb</span> used <strong>Dark Pulse</strong>!</div><div><small>It's not very effective... </small><small><span class="battle-nickname" title="Mandibuzz">Mandibuzz</span> lost 13% of its health!</small><br></div><div class="spacer"></div><div><small><span class="battle-nickname" title="Mandibuzz">Mandibuzz</span> restored a little HP using its Leftovers!</small></div><div><small>The opposing <span class="battle-nickname-foe" title="Spiritomb">Spiritomb</span> restored a little HP using its Leftovers!</small></div><h2>Turn 13</h2><div class="spacer"></div><div>guast 458761 withdrew Spiritomb!</div><div class="spacer"></div><div>guast 458761 sent out <span class="battle-nickname-foe" title="Golem-Alola">Golem <small>(Golem-Alola)</small></span>!</div><div class="spacer"></div><div><span class="battle-nickname" title="Mandibuzz">Mandibuzz</span> used <strong>Defog</strong>!</div><div><small>The opposing <span class="battle-nickname-foe" title="Golem-Alola">Golem</span>'s evasiveness fell! </small></div><div><small>The spikes disappeared from the ground around your team!</small></div><div class="spacer"></div><div><small><span class="battle-nickname" title="Mandibuzz">Mandibuzz</span> restored a little HP using its Leftovers!</small></div><h2>Turn 14</h2><div class="spacer"></div><div><span class="battle-nickname" title="Mandibuzz">Mandibuzz</span> used <strong>Brave Bird</strong>!</div><div><small>It's not very effective... </small><small>The opposing <span class="battle-nickname-foe" title="Golem-Alola">Golem</span> lost 5% of its health!</small><br></div><div><small><span class="battle-nickname" title="Mandibuzz">Mandibuzz</span> is damaged by the recoil!</small></div><div class="spacer"></div><div>The opposing <span class="battle-nickname-foe" title="Golem-Alola">Golem</span> used <strong>Stone Edge</strong>!</div><div><small>It's super effective! </small><small><span class="battle-nickname" title="Mandibuzz">Mandibuzz</span> lost 72% of its health!</small><br></div><div class="spacer"></div><div><small><span class="battle-nickname" title="Mandibuzz">Mandibuzz</span> restored a little HP using its Leftovers!</small></div><h2>Turn 15</h2><div class="spacer"></div><div><span class="battle-nickname" title="Mandibuzz">Mandibuzz</span>, come back!</div><div class="spacer"></div><div>Go! Komala!</div><div><small>[<span class="battle-nickname" title="Komala">Komala</span>'s Comatose!]</small></div><div><small><span class="battle-nickname" title="Komala">Komala</span> is drowsing!</small></div><div class="spacer"></div><div>The opposing <span class="battle-nickname-foe" title="Golem-Alola">Golem</span> used <strong>Thunder Punch</strong>!</div><div><small><span class="battle-nickname" title="Komala">Komala</span> lost 45% of its health!</small><br></div><h2>Turn 16</h2><div class="spacer"></div><div>The opposing <span class="battle-nickname-foe" title="Golem-Alola">Golem</span> used <strong>Sucker Punch</strong>!</div><div><small>A critical hit! </small><small><span class="battle-nickname" title="Komala">Komala</span> lost 11% of its health!</small><br></div><div class="spacer"></div><div><span class="battle-nickname" title="Komala">Komala</span> fainted!</div><div class="spacer"></div><div>Go! Mandibuzz!</div><h2>Turn 17</h2><div class="spacer"></div><div>The opposing <span class="battle-nickname-foe" title="Golem-Alola">Golem</span> used <strong>Thunder Punch</strong>!</div><div><small>It's super effective! </small><small><span class="battle-nickname" title="Mandibuzz">Mandibuzz</span> lost 32% of its health!</small><br></div><div class="spacer"></div><div><span class="battle-nickname" title="Mandibuzz">Mandibuzz</span> fainted!</div><div class="spacer"></div><div>Go! Blaziken!</div><h2>Turn 18</h2><div class="spacer"></div><div><small><span class="battle-nickname" title="Blaziken-Mega">Blaziken</span>'s Blazikenite is reacting to Decides's Mega Bracelet!<br><span class="battle-nickname" title="Blaziken-Mega">Blaziken</span> has Mega Evolved into Mega Blaziken!</small></div><div class="spacer"></div><div><span class="battle-nickname" title="Blaziken-Mega">Blaziken</span> used <strong>Substitute</strong>!</div><div><small><span class="battle-nickname" title="Blaziken-Mega">Blaziken</span> put in a substitute!</small></div><div><small><span class="battle-nickname" title="Blaziken-Mega">Blaziken</span> lost 24% of its health!</small><br></div><div class="spacer"></div><div>The opposing <span class="battle-nickname-foe" title="Golem-Alola">Golem</span> used <strong>Thunder Punch</strong>!</div><div><small><span class="battle-nickname" title="Blaziken-Mega">Blaziken</span>'s substitute faded!</small></div><div><small>[<span class="battle-nickname" title="Blaziken-Mega">Blaziken</span>'s Speed Boost!]</small></div><div><small><span class="battle-nickname" title="Blaziken-Mega">Blaziken</span>'s Speed rose! </small></div><h2>Turn 19</h2><div class="spacer"></div><div>guast 458761 withdrew <span class="battle-nickname-foe" title="Golem-Alola">Golem <small>(Golem-Alola)</small></span>!</div><div class="spacer"></div><div>guast 458761 sent out Spiritomb!</div><div class="spacer"></div><div><span class="battle-nickname" title="Blaziken-Mega">Blaziken</span> used <strong>High Jump Kick</strong>!</div><div><small>It doesn't affect the opposing <span class="battle-nickname-foe" title="Spiritomb">Spiritomb</span>... </small></div><div><small><span class="battle-nickname" title="Blaziken-Mega">Blaziken</span> kept going and crashed!</small></div><div class="spacer"></div><div><small>The opposing <span class="battle-nickname-foe" title="Spiritomb">Spiritomb</span> restored a little HP using its Leftovers!</small></div><div><small>[<span class="battle-nickname" title="Blaziken-Mega">Blaziken</span>'s Speed Boost!]</small></div><div><small><span class="battle-nickname" title="Blaziken-Mega">Blaziken</span>'s Speed rose! </small></div><h2>Turn 20</h2><div class="spacer"></div><div><span class="battle-nickname" title="Blaziken-Mega">Blaziken</span> used <strong>Substitute</strong>!</div><div><small><span class="battle-nickname" title="Blaziken-Mega">Blaziken</span> put in a substitute!</small></div><div><small><span class="battle-nickname" title="Blaziken-Mega">Blaziken</span> lost 25% of its health!</small><br></div><div class="spacer"></div><div>The opposing <span class="battle-nickname-foe" title="Spiritomb">Spiritomb</span> used <strong>Dark Pulse</strong>!</div><div><small>It's not very effective... </small><small><span class="battle-nickname" title="Blaziken-Mega">Blaziken</span> lost 1% of its health!</small><br></div><div class="spacer"></div><div><span class="battle-nickname" title="Blaziken-Mega">Blaziken</span> fainted!</div><div class="spacer"></div><div>guast 458761 won the battle!</div><div class="chat">Decides's rating: 1206 → <strong>1185</strong><br>(-21 for losing)</div><div class="chat">guast 458761's rating: 1255 → <strong>1277</strong><br>(+22 for winning)</div><div class="chat"><small>Decides left.</small></div></div></div>
</div>
<script>
var daily = Math.floor(Date.now()/1000/60/60/24);document.write('<script src="https://play.pokemonshowdown.com/js/replay-embed.js?version'+daily+'"></'+'script>');
</script>
