<!DOCTYPE html>
<meta charset="utf-8" />
<!-- version 1 -->
<title>[Gen 7] Random Battle replay: Tempo420 vs. The Gargler</title>
<style>
html,body {font-family:Verdana, sans-serif;font-size:10pt;margin:0;padding:0;}body{padding:12px 0;} .battle-log {font-family:Verdana, sans-serif;font-size:10pt;} .battle-log-inline {border:1px solid #AAAAAA;background:#EEF2F5;color:black;max-width:640px;margin:0 auto 80px;padding-bottom:5px;} .battle-log .inner {padding:4px 8px 0px 8px;} .battle-log .inner-preempt {padding:0 8px 4px 8px;} .battle-log .inner-after {margin-top:0.5em;} .battle-log h2 {margin:0.5em -8px;padding:4px 8px;border:1px solid #AAAAAA;background:#E0E7EA;border-left:0;border-right:0;font-family:Verdana, sans-serif;font-size:13pt;} .battle-log .chat {vertical-align:middle;padding:3px 0 3px 0;font-size:8pt;} .battle-log .chat strong {color:#40576A;} .battle-log .chat em {padding:1px 4px 1px 3px;color:#000000;font-style:normal;} .chat.mine {background:rgba(0,0,0,0.05);margin-left:-8px;margin-right:-8px;padding-left:8px;padding-right:8px;} .spoiler {color:#BBBBBB;background:#BBBBBB;padding:0px 3px;} .spoiler:hover, .spoiler:active, .spoiler-shown {color:#000000;background:#E2E2E2;padding:0px 3px;} .spoiler a {color:#BBBBBB;} .spoiler:hover a, .spoiler:active a, .spoiler-shown a {color:#2288CC;} .chat code, .chat .spoiler:hover code, .chat .spoiler:active code, .chat .spoiler-shown code {border:1px solid #C0C0C0;background:#EEEEEE;color:black;padding:0 2px;} .chat .spoiler code {border:1px solid #CCCCCC;background:#CCCCCC;color:#CCCCCC;} .battle-log .rated {padding:3px 4px;} .battle-log .rated strong {color:white;background:#89A;padding:1px 4px;border-radius:4px;} .spacer {margin-top:0.5em;} .message-announce {background:#6688AA;color:white;padding:1px 4px 2px;} .message-announce a, .broadcast-green a, .broadcast-blue a, .broadcast-red a {color:#DDEEFF;} .broadcast-green {background-color:#559955;color:white;padding:2px 4px;} .broadcast-blue {background-color:#6688AA;color:white;padding:2px 4px;} .infobox {border:1px solid #6688AA;padding:2px 4px;} .infobox-limited {max-height:200px;overflow:auto;overflow-x:hidden;} .broadcast-red {background-color:#AA5544;color:white;padding:2px 4px;} .message-learn-canlearn {font-weight:bold;color:#228822;text-decoration:underline;} .message-learn-cannotlearn {font-weight:bold;color:#CC2222;text-decoration:underline;} .message-effect-weak {font-weight:bold;color:#CC2222;} .message-effect-resist {font-weight:bold;color:#6688AA;} .message-effect-immune {font-weight:bold;color:#666666;} .message-learn-list {margin-top:0;margin-bottom:0;} .message-throttle-notice, .message-error {color:#992222;} .message-overflow, .chat small.message-overflow {font-size:0pt;} .message-overflow::before {font-size:9pt;content:'...';} .subtle {color:#3A4A66;}
</style>
<div class="wrapper replay-wrapper" style="max-width:1180px;margin:0 auto">
<input type="hidden" name="replayid" value="gen7randombattle-566985019" />
<div class="battle"></div><div class="battle-log"></div><div class="replay-controls"></div><div class="replay-controls-2"></div>
<h1 style="font-weight:normal;text-align:center"><strong>[Gen 7] Random Battle</strong><br /><a href="http://pokemonshowdown.com/users/tempo420" class="subtle" target="_blank">Tempo420</a> vs. <a href="http://pokemonshowdown.com/users/thegargler" class="subtle" target="_blank">The Gargler</a></h1>
<script type="text/plain" class="battle-log-data">|j|Tempo420
|j|The Gargler
|player|p1|Tempo420|161
|player|p2|The Gargler|198
|gametype|singles
|gen|7
|tier|[Gen 7] Random Battle
|rated
|seed|64706,62686,33023,6580,30242,23276,5930,40478,4139,63057,57427,25347
|rule|Sleep Clause Mod: Limit one foe put to sleep
|rule|HP Percentage Mod: HP is shown in percentages
|
|start
|switch|p1a: Golurk|Golurk, L79|100\/100
|switch|p2a: Torterra|Torterra, L79, M|100\/100
|turn|1
|choice|move icepunch|move stealthrock
|
|move|p2a: Torterra|Stealth Rock|p1a: Golurk
|-sidestart|p1: Tempo420|move: Stealth Rock
|move|p1a: Golurk|Ice Punch|p2a: Torterra
|-supereffective|p2a: Torterra
|-damage|p2a: Torterra|0 fnt
|-damage|p1a: Golurk|90\/100|[from] item: Life Orb
|faint|p2a: Torterra
|
|upkeep
|choice||switch 4
|
|switch|p2a: Scrafty|Scrafty, L79, M|100\/100
|turn|2
|choice|move rockpolish|move dragondance
|
|move|p2a: Scrafty|Dragon Dance|p2a: Scrafty
|-boost|p2a: Scrafty|atk|1
|-boost|p2a: Scrafty|spe|1
|move|p1a: Golurk|Rock Polish|p1a: Golurk
|-boost|p1a: Golurk|spe|2
|
|upkeep
|turn|3
|choice|move earthquake|move knockoff
|
|move|p1a: Golurk|Earthquake|p2a: Scrafty
|-damage|p2a: Scrafty|50\/100
|-damage|p1a: Golurk|80\/100|[from] item: Life Orb
|move|p2a: Scrafty|Knock Off|p1a: Golurk
|-supereffective|p1a: Golurk
|-damage|p1a: Golurk|0 fnt
|-enditem|p1a: Golurk|Life Orb|[from] move: Knock Off|[of] p2a: Scrafty
|faint|p1a: Golurk
|
|-heal|p2a: Scrafty|56\/100|[from] item: Leftovers
|upkeep
|choice|switch 2|
|
|switch|p1a: Zebstrika|Zebstrika, L79, M|100\/100
|-damage|p1a: Zebstrika|88\/100|[from] Stealth Rock
|turn|4
|choice|move wildcharge|move dragondance
|
|move|p1a: Zebstrika|Wild Charge|p2a: Scrafty
|-damage|p2a: Scrafty|23\/100
|-damage|p1a: Zebstrika|80\/100|[from] recoil|[of] p2a: Scrafty
|move|p2a: Scrafty|Dragon Dance|p2a: Scrafty
|-boost|p2a: Scrafty|atk|1
|-boost|p2a: Scrafty|spe|1
|
|-heal|p2a: Scrafty|29\/100|[from] item: Leftovers
|upkeep
|turn|5
|choice|move wildcharge|move rest
|
|move|p2a: Scrafty|Rest|p2a: Scrafty
|-status|p2a: Scrafty|slp
|-heal|p2a: Scrafty|100\/100 slp|[silent]
|-status|p2a: Scrafty|slp|[from] move: Rest
|move|p1a: Zebstrika|Wild Charge|p2a: Scrafty
|-damage|p2a: Scrafty|65\/100 slp
|-damage|p1a: Zebstrika|72\/100|[from] recoil|[of] p2a: Scrafty
|
|-heal|p2a: Scrafty|71\/100 slp|[from] item: Leftovers
|upkeep
|turn|6
|choice|move wildcharge|move highjumpkick
|
|cant|p2a: Scrafty|slp
|move|p1a: Zebstrika|Wild Charge|p2a: Scrafty
|-damage|p2a: Scrafty|38\/100 slp
|-damage|p1a: Zebstrika|64\/100|[from] recoil|[of] p2a: Scrafty
|
|-activate|p2a: Scrafty|ability: Shed Skin
|-curestatus|p2a: Scrafty|slp|[msg]
|-heal|p2a: Scrafty|44\/100|[from] item: Leftovers
|upkeep
|turn|7
|choice|move wildcharge|move knockoff
|
|move|p2a: Scrafty|Knock Off|p1a: Zebstrika
|-damage|p1a: Zebstrika|0 fnt
|-enditem|p1a: Zebstrika|Expert Belt|[from] move: Knock Off|[of] p2a: Scrafty
|faint|p1a: Zebstrika
|
|-heal|p2a: Scrafty|50\/100|[from] item: Leftovers
|upkeep
|-message|Tempo420 forfeited.
|
|win|The Gargler
|l|Tempo420
|raw|Tempo420's rating: 1190 &rarr; <strong>1161<\/strong><br \/>(-29 for losing)
|raw|The Gargler's rating: 1129 &rarr; <strong>1158<\/strong><br \/>(+29 for winning)</script>
</div>
<div class="battle-log battle-log-inline"><div class="inner"><div class="chat"><small>Tempo420 joined.</small></div><div class="chat"><small>The Gargler joined.</small></div><div style="padding:5px 0"><small>Format:</small> <br><strong>[Gen 7] Random Battle</strong></div><div class="rated"><strong>Rated battle</strong></div><div><small><em>Sleep Clause Mod:</em> Limit one foe put to sleep</small></div><div><small><em>HP Percentage Mod:</em> HP is shown in percentages</small></div><div>Battle between Tempo420 and The Gargler started!</div><div class="spacer"></div><div>Go! Golurk!</div><div class="spacer"></div><div>The Gargler sent out Torterra!</div><h2>Turn 1</h2><div class="spacer"></div><div>The opposing <span class="battle-nickname-foe" title="Torterra">Torterra</span> used <strong>Stealth Rock</strong>!</div><div><small>Pointed stones float in the air around your team!</small></div><div class="spacer"></div><div><span class="battle-nickname" title="Golurk">Golurk</span> used <strong>Ice Punch</strong>!</div><div><small>It's super effective! </small><small>The opposing <span class="battle-nickname-foe" title="Torterra">Torterra</span> lost 100% of its health!</small><br></div><div><small><span class="battle-nickname" title="Golurk">Golurk</span> lost some of its HP!</small></div><div class="spacer"></div><div>The opposing <span class="battle-nickname-foe" title="Torterra">Torterra</span> fainted!</div><div class="spacer"></div><div>The Gargler sent out Scrafty!</div><h2>Turn 2</h2><div class="spacer"></div><div>The opposing <span class="battle-nickname-foe" title="Scrafty">Scrafty</span> used <strong>Dragon Dance</strong>!</div><div><small>The opposing <span class="battle-nickname-foe" title="Scrafty">Scrafty</span>'s Attack rose! The opposing <span class="battle-nickname-foe" title="Scrafty">Scrafty</span>'s Speed rose! </small></div><div class="spacer"></div><div><span class="battle-nickname" title="Golurk">Golurk</span> used <strong>Rock Polish</strong>!</div><div><small><span class="battle-nickname" title="Golurk">Golurk</span>'s Speed rose sharply! </small></div><h2>Turn 3</h2><div class="spacer"></div><div><span class="battle-nickname" title="Golurk">Golurk</span> used <strong>Earthquake</strong>!</div><div><small>The opposing <span class="battle-nickname-foe" title="Scrafty">Scrafty</span> lost 50% of its health!</small><br></div><div><small><span class="battle-nickname" title="Golurk">Golurk</span> lost some of its HP!</small></div><div class="spacer"></div><div>The opposing <span class="battle-nickname-foe" title="Scrafty">Scrafty</span> used <strong>Knock Off</strong>!</div><div><small>It's super effective! </small><small><span class="battle-nickname" title="Golurk">Golurk</span> lost 80% of its health!</small><br></div><div><small>The opposing <span class="battle-nickname-foe" title="Scrafty">Scrafty</span> knocked off <span class="battle-nickname" title="Golurk">Golurk</span>'s Life Orb!</small></div><div class="spacer"></div><div><span class="battle-nickname" title="Golurk">Golurk</span> fainted!</div><div class="spacer"></div><div><small>The opposing <span class="battle-nickname-foe" title="Scrafty">Scrafty</span> restored a little HP using its Leftovers!</small></div><div class="spacer"></div><div>Go! Zebstrika!</div><div><small>Pointed stones dug into <span class="battle-nickname" title="Zebstrika">Zebstrika</span>!</small></div><h2>Turn 4</h2><div class="spacer"></div><div><span class="battle-nickname" title="Zebstrika">Zebstrika</span> used <strong>Wild Charge</strong>!</div><div><small>The opposing <span class="battle-nickname-foe" title="Scrafty">Scrafty</span> lost 33% of its health!</small><br></div><div><small><span class="battle-nickname" title="Zebstrika">Zebstrika</span> is damaged by the recoil!</small></div><div class="spacer"></div><div>The opposing <span class="battle-nickname-foe" title="Scrafty">Scrafty</span> used <strong>Dragon Dance</strong>!</div><div><small>The opposing <span class="battle-nickname-foe" title="Scrafty">Scrafty</span>'s Attack rose! The opposing <span class="battle-nickname-foe" title="Scrafty">Scrafty</span>'s Speed rose! </small></div><div class="spacer"></div><div><small>The opposing <span class="battle-nickname-foe" title="Scrafty">Scrafty</span> restored a little HP using its Leftovers!</small></div><h2>Turn 5</h2><div class="spacer"></div><div>The opposing <span class="battle-nickname-foe" title="Scrafty">Scrafty</span> used <strong>Rest</strong>!</div><div><small>The opposing <span class="battle-nickname-foe" title="Scrafty">Scrafty</span> fell asleep!</small></div><div><small>The opposing <span class="battle-nickname-foe" title="Scrafty">Scrafty</span> slept and became healthy!</small></div><div class="spacer"></div><div><span class="battle-nickname" title="Zebstrika">Zebstrika</span> used <strong>Wild Charge</strong>!</div><div><small>The opposing <span class="battle-nickname-foe" title="Scrafty">Scrafty</span> lost 35% of its health!</small><br></div><div><small><span class="battle-nickname" title="Zebstrika">Zebstrika</span> is damaged by the recoil!</small></div><div class="spacer"></div><div><small>The opposing <span class="battle-nickname-foe" title="Scrafty">Scrafty</span> restored a little HP using its Leftovers!</small></div><h2>Turn 6</h2><div class="spacer"></div><div>The opposing <span class="battle-nickname-foe" title="Scrafty">Scrafty</span> is fast asleep.</div><div class="spacer"></div><div><span class="battle-nickname" title="Zebstrika">Zebstrika</span> used <strong>Wild Charge</strong>!</div><div><small>The opposing <span class="battle-nickname-foe" title="Scrafty">Scrafty</span> lost 33% of its health!</small><br></div><div><small><span class="battle-nickname" title="Zebstrika">Zebstrika</span> is damaged by the recoil!</small></div><div><small>[Opposing <span class="battle-nickname-foe" title="Scrafty">Scrafty</span>'s Shed Skin!]</small></div><div><small>The opposing <span class="battle-nickname-foe" title="Scrafty">Scrafty</span> woke up!</small></div><div><small>The opposing <span class="battle-nickname-foe" title="Scrafty">Scrafty</span> restored a little HP using its Leftovers!</small></div><h2>Turn 7</h2><div class="spacer"></div><div>The opposing <span class="battle-nickname-foe" title="Scrafty">Scrafty</span> used <strong>Knock Off</strong>!</div><div><small><span class="battle-nickname" title="Zebstrika">Zebstrika</span> lost 64% of its health!</small><br></div><div><small>The opposing <span class="battle-nickname-foe" title="Scrafty">Scrafty</span> knocked off <span class="battle-nickname" title="Zebstrika">Zebstrika</span>'s Expert Belt!</small></div><div class="spacer"></div><div><span class="battle-nickname" title="Zebstrika">Zebstrika</span> fainted!</div><div class="spacer"></div><div><small>The opposing <span class="battle-nickname-foe" title="Scrafty">Scrafty</span> restored a little HP using its Leftovers!</small></div><div><small>Tempo420 forfeited.</small></div><div class="spacer"></div><div>The Gargler won the battle!</div><div class="chat"><small>Tempo420 left.</small></div><div class="chat">Tempo420's rating: 1190 → <strong>1161</strong><br>(-29 for losing)</div><div class="chat">The Gargler's rating: 1129 → <strong>1158</strong><br>(+29 for winning)</div></div></div>
</div>
<script>
var daily = Math.floor(Date.now()/1000/60/60/24);document.write('<script src="https://play.pokemonshowdown.com/js/replay-embed.js?version'+daily+'"></'+'script>');
</script>
