<!DOCTYPE html>
<meta charset="utf-8" />
<!-- version 1 -->
<title>[Gen 7] Random Battle replay: algo0294 vs. yrsteraedwsq</title>
<style>
html,body {font-family:Verdana, sans-serif;font-size:10pt;margin:0;padding:0;}body{padding:12px 0;} .battle-log {font-family:Verdana, sans-serif;font-size:10pt;} .battle-log-inline {border:1px solid #AAAAAA;background:#EEF2F5;color:black;max-width:640px;margin:0 auto 80px;padding-bottom:5px;} .battle-log .inner {padding:4px 8px 0px 8px;} .battle-log .inner-preempt {padding:0 8px 4px 8px;} .battle-log .inner-after {margin-top:0.5em;} .battle-log h2 {margin:0.5em -8px;padding:4px 8px;border:1px solid #AAAAAA;background:#E0E7EA;border-left:0;border-right:0;font-family:Verdana, sans-serif;font-size:13pt;} .battle-log .chat {vertical-align:middle;padding:3px 0 3px 0;font-size:8pt;} .battle-log .chat strong {color:#40576A;} .battle-log .chat em {padding:1px 4px 1px 3px;color:#000000;font-style:normal;} .chat.mine {background:rgba(0,0,0,0.05);margin-left:-8px;margin-right:-8px;padding-left:8px;padding-right:8px;} .spoiler {color:#BBBBBB;background:#BBBBBB;padding:0px 3px;} .spoiler:hover, .spoiler:active, .spoiler-shown {color:#000000;background:#E2E2E2;padding:0px 3px;} .spoiler a {color:#BBBBBB;} .spoiler:hover a, .spoiler:active a, .spoiler-shown a {color:#2288CC;} .chat code, .chat .spoiler:hover code, .chat .spoiler:active code, .chat .spoiler-shown code {border:1px solid #C0C0C0;background:#EEEEEE;color:black;padding:0 2px;} .chat .spoiler code {border:1px solid #CCCCCC;background:#CCCCCC;color:#CCCCCC;} .battle-log .rated {padding:3px 4px;} .battle-log .rated strong {color:white;background:#89A;padding:1px 4px;border-radius:4px;} .spacer {margin-top:0.5em;} .message-announce {background:#6688AA;color:white;padding:1px 4px 2px;} .message-announce a, .broadcast-green a, .broadcast-blue a, .broadcast-red a {color:#DDEEFF;} .broadcast-green {background-color:#559955;color:white;padding:2px 4px;} .broadcast-blue {background-color:#6688AA;color:white;padding:2px 4px;} .infobox {border:1px solid #6688AA;padding:2px 4px;} .infobox-limited {max-height:200px;overflow:auto;overflow-x:hidden;} .broadcast-red {background-color:#AA5544;color:white;padding:2px 4px;} .message-learn-canlearn {font-weight:bold;color:#228822;text-decoration:underline;} .message-learn-cannotlearn {font-weight:bold;color:#CC2222;text-decoration:underline;} .message-effect-weak {font-weight:bold;color:#CC2222;} .message-effect-resist {font-weight:bold;color:#6688AA;} .message-effect-immune {font-weight:bold;color:#666666;} .message-learn-list {margin-top:0;margin-bottom:0;} .message-throttle-notice, .message-error {color:#992222;} .message-overflow, .chat small.message-overflow {font-size:0pt;} .message-overflow::before {font-size:9pt;content:'...';} .subtle {color:#3A4A66;}
</style>
<div class="wrapper replay-wrapper" style="max-width:1180px;margin:0 auto">
<input type="hidden" name="replayid" value="gen7randombattle-566971659" />
<div class="battle"></div><div class="battle-log"></div><div class="replay-controls"></div><div class="replay-controls-2"></div>
<h1 style="font-weight:normal;text-align:center"><strong>[Gen 7] Random Battle</strong><br /><a href="http://pokemonshowdown.com/users/algo0294" class="subtle" target="_blank">algo0294</a> vs. <a href="http://pokemonshowdown.com/users/yrsteraedwsq" class="subtle" target="_blank">yrsteraedwsq</a></h1>
<script type="text/plain" class="battle-log-data">|j|algo0294
|j|yrsteraedwsq
|player|p1|algo0294|2
|player|p2|yrsteraedwsq|2
|gametype|singles
|gen|7
|tier|[Gen 7] Random Battle
|rated
|seed|44246,62330,15518,63174,1706,58970,24189,45009,23439,58498,27767,16243
|rule|Sleep Clause Mod: Limit one foe put to sleep
|rule|HP Percentage Mod: HP is shown in percentages
|
|start
|switch|p1a: Arbok|Arbok, L79, M|100\/100
|switch|p2a: Mr. Mime|Mr. Mime, L79, F|100\/100
|turn|1
|inactive|Battle timer is ON: inactive players will automatically lose when time's up. (requested by yrsteraedwsq)
|choice|move gunkshot|move psyshock
|
|move|p2a: Mr. Mime|Psyshock|p1a: Arbok
|-supereffective|p1a: Arbok
|-damage|p1a: Arbok|17\/100
|move|p1a: Arbok|Gunk Shot|p2a: Mr. Mime
|-supereffective|p2a: Mr. Mime
|-enditem|p2a: Mr. Mime|Focus Sash
|-damage|p2a: Mr. Mime|1\/100
|
|upkeep
|turn|2
|choice|move coil|move psyshock
|
|move|p2a: Mr. Mime|Psyshock|p1a: Arbok
|-supereffective|p1a: Arbok
|-damage|p1a: Arbok|0 fnt
|faint|p1a: Arbok
|
|upkeep
|choice|switch 2|
|
|switch|p1a: Exploud|Exploud, L79, M|100\/100
|turn|3
|choice|move icebeam|move psyshock
|
|move|p2a: Mr. Mime|Psyshock|p1a: Exploud
|-damage|p1a: Exploud|62\/100
|move|p1a: Exploud|Ice Beam|p2a: Mr. Mime
|-damage|p2a: Mr. Mime|0 fnt
|faint|p2a: Mr. Mime
|
|upkeep
|choice||switch 3
|
|switch|p2a: Slurpuff|Slurpuff, L79, M|100\/100
|turn|4
|choice|move icebeam|move calmmind
|
|move|p2a: Slurpuff|Calm Mind|p2a: Slurpuff
|-boost|p2a: Slurpuff|spa|1
|-boost|p2a: Slurpuff|spd|1
|move|p1a: Exploud|Ice Beam|p2a: Slurpuff
|-damage|p2a: Slurpuff|77\/100
|
|upkeep
|turn|5
|choice|move icebeam|move calmmind
|
|move|p2a: Slurpuff|Calm Mind|p2a: Slurpuff
|-boost|p2a: Slurpuff|spa|1
|-boost|p2a: Slurpuff|spd|1
|move|p1a: Exploud|Ice Beam|p2a: Slurpuff
|-damage|p2a: Slurpuff|59\/100
|
|upkeep
|turn|6
|choice|move icebeam|move calmmind
|
|move|p2a: Slurpuff|Calm Mind|p2a: Slurpuff
|-boost|p2a: Slurpuff|spa|1
|-boost|p2a: Slurpuff|spd|1
|move|p1a: Exploud|Ice Beam|p2a: Slurpuff
|-damage|p2a: Slurpuff|43\/100
|-enditem|p2a: Slurpuff|Sitrus Berry|[eat]
|-heal|p2a: Slurpuff|68\/100|[from] item: Sitrus Berry
|
|upkeep
|turn|7
|choice|move icebeam|move dazzlinggleam
|
|move|p2a: Slurpuff|Dazzling Gleam|p1a: Exploud
|-damage|p1a: Exploud|0 fnt
|faint|p1a: Exploud
|
|upkeep
|choice|switch 5|
|
|switch|p1a: Conkeldurr|Conkeldurr, L77, M|100\/100
|turn|8
|c|☆yrsteraedwsq|?
|choice|move drainpunch|move dazzlinggleam
|
|move|p2a: Slurpuff|Dazzling Gleam|p1a: Conkeldurr
|-supereffective|p1a: Conkeldurr
|-damage|p1a: Conkeldurr|0 fnt
|faint|p1a: Conkeldurr
|
|upkeep
|choice|switch 4|
|
|switch|p1a: Exeggutor|Exeggutor-Alola, L79, M|100\/100
|turn|9
|choice|move woodhammer|move dazzlinggleam
|
|move|p2a: Slurpuff|Dazzling Gleam|p1a: Exeggutor
|-supereffective|p1a: Exeggutor
|-damage|p1a: Exeggutor|0 fnt
|faint|p1a: Exeggutor
|
|upkeep
|choice|switch 3|
|
|switch|p1a: Banette|Banette, L75, M|100\/100
|turn|10
|choice|move shadowclaw mega|move dazzlinggleam
|
|detailschange|p1a: Banette|Banette-Mega, L75, M
|-mega|p1a: Banette|Banette|Banettite
|move|p2a: Slurpuff|Dazzling Gleam|p1a: Banette
|-damage|p1a: Banette|9\/100
|move|p1a: Banette|Shadow Claw|p2a: Slurpuff
|-crit|p2a: Slurpuff
|-damage|p2a: Slurpuff|5\/100
|
|upkeep
|turn|11
|choice|move shadowclaw|move surf
|
|move|p2a: Slurpuff|Surf|p1a: Banette
|-damage|p1a: Banette|0 fnt
|faint|p1a: Banette
|
|upkeep
|choice|switch 6|
|
|switch|p1a: Crawdaunt|Crawdaunt, L78, F|100\/100
|turn|12
|choice|move superpower|move dazzlinggleam
|
|move|p2a: Slurpuff|Dazzling Gleam|p1a: Crawdaunt
|-supereffective|p1a: Crawdaunt
|-damage|p1a: Crawdaunt|0 fnt
|faint|p1a: Crawdaunt
|
|win|yrsteraedwsq
|c|☆yrsteraedwsq|gg
|raw|algo0294's rating: 1095 &rarr; <strong>1064<\/strong><br \/>(-31 for losing)
|raw|yrsteraedwsq's rating: 1000 &rarr; <strong>1051<\/strong><br \/>(+51 for winning)
|l|algo0294</script>
</div>
<div class="battle-log battle-log-inline"><div class="inner"><div class="chat"><small>algo0294 joined.</small></div><div class="chat"><small>yrsteraedwsq joined.</small></div><div style="padding:5px 0"><small>Format:</small> <br><strong>[Gen 7] Random Battle</strong></div><div class="rated"><strong>Rated battle</strong></div><div><small><em>Sleep Clause Mod:</em> Limit one foe put to sleep</small></div><div><small><em>HP Percentage Mod:</em> HP is shown in percentages</small></div><div>Battle between algo0294 and yrsteraedwsq started!</div><div class="spacer"></div><div>Go! Arbok!</div><div class="spacer"></div><div>yrsteraedwsq sent out Mr. Mime!</div><h2>Turn 1</h2><div class="chat message-error">Battle timer is ON: inactive players will automatically lose when time's up. (requested by yrsteraedwsq)</div><div class="spacer"></div><div>The opposing <span class="battle-nickname-foe" title="Mr. Mime">Mr. Mime</span> used <strong>Psyshock</strong>!</div><div><small>It's super effective! </small><small><span class="battle-nickname" title="Arbok">Arbok</span> lost 83% of its health!</small><br></div><div class="spacer"></div><div><span class="battle-nickname" title="Arbok">Arbok</span> used <strong>Gunk Shot</strong>!</div><div><small>It's super effective! The opposing <span class="battle-nickname-foe" title="Mr. Mime">Mr. Mime</span> hung on using its Focus Sash!</small></div><div><small>The opposing <span class="battle-nickname-foe" title="Mr. Mime">Mr. Mime</span> lost 99% of its health!</small><br></div><h2>Turn 2</h2><div class="spacer"></div><div>The opposing <span class="battle-nickname-foe" title="Mr. Mime">Mr. Mime</span> used <strong>Psyshock</strong>!</div><div><small>It's super effective! </small><small><span class="battle-nickname" title="Arbok">Arbok</span> lost 17% of its health!</small><br></div><div class="spacer"></div><div><span class="battle-nickname" title="Arbok">Arbok</span> fainted!</div><div class="spacer"></div><div>Go! Exploud!</div><h2>Turn 3</h2><div class="spacer"></div><div>The opposing <span class="battle-nickname-foe" title="Mr. Mime">Mr. Mime</span> used <strong>Psyshock</strong>!</div><div><small><span class="battle-nickname" title="Exploud">Exploud</span> lost 38% of its health!</small><br></div><div class="spacer"></div><div><span class="battle-nickname" title="Exploud">Exploud</span> used <strong>Ice Beam</strong>!</div><div><small>The opposing <span class="battle-nickname-foe" title="Mr. Mime">Mr. Mime</span> lost 1% of its health!</small><br></div><div class="spacer"></div><div>The opposing <span class="battle-nickname-foe" title="Mr. Mime">Mr. Mime</span> fainted!</div><div class="spacer"></div><div>yrsteraedwsq sent out Slurpuff!</div><h2>Turn 4</h2><div class="spacer"></div><div>The opposing <span class="battle-nickname-foe" title="Slurpuff">Slurpuff</span> used <strong>Calm Mind</strong>!</div><div><small>The opposing <span class="battle-nickname-foe" title="Slurpuff">Slurpuff</span>'s Special Attack rose! The opposing <span class="battle-nickname-foe" title="Slurpuff">Slurpuff</span>'s Special Defense rose! </small></div><div class="spacer"></div><div><span class="battle-nickname" title="Exploud">Exploud</span> used <strong>Ice Beam</strong>!</div><div><small>The opposing <span class="battle-nickname-foe" title="Slurpuff">Slurpuff</span> lost 23% of its health!</small><br></div><h2>Turn 5</h2><div class="spacer"></div><div>The opposing <span class="battle-nickname-foe" title="Slurpuff">Slurpuff</span> used <strong>Calm Mind</strong>!</div><div><small>The opposing <span class="battle-nickname-foe" title="Slurpuff">Slurpuff</span>'s Special Attack rose! The opposing <span class="battle-nickname-foe" title="Slurpuff">Slurpuff</span>'s Special Defense rose! </small></div><div class="spacer"></div><div><span class="battle-nickname" title="Exploud">Exploud</span> used <strong>Ice Beam</strong>!</div><div><small>The opposing <span class="battle-nickname-foe" title="Slurpuff">Slurpuff</span> lost 18% of its health!</small><br></div><h2>Turn 6</h2><div class="spacer"></div><div>The opposing <span class="battle-nickname-foe" title="Slurpuff">Slurpuff</span> used <strong>Calm Mind</strong>!</div><div><small>The opposing <span class="battle-nickname-foe" title="Slurpuff">Slurpuff</span>'s Special Attack rose! The opposing <span class="battle-nickname-foe" title="Slurpuff">Slurpuff</span>'s Special Defense rose! </small></div><div class="spacer"></div><div><span class="battle-nickname" title="Exploud">Exploud</span> used <strong>Ice Beam</strong>!</div><div><small>The opposing <span class="battle-nickname-foe" title="Slurpuff">Slurpuff</span> lost 16% of its health!</small><br></div><div><small>The opposing <span class="battle-nickname-foe" title="Slurpuff">Slurpuff</span> ate its Sitrus Berry!</small></div><div><small>The opposing <span class="battle-nickname-foe" title="Slurpuff">Slurpuff</span> restored HP using its Sitrus Berry!</small></div><h2>Turn 7</h2><div class="spacer"></div><div>The opposing <span class="battle-nickname-foe" title="Slurpuff">Slurpuff</span> used <strong>Dazzling Gleam</strong>!</div><div><small><span class="battle-nickname" title="Exploud">Exploud</span> lost 62% of its health!</small><br></div><div class="spacer"></div><div><span class="battle-nickname" title="Exploud">Exploud</span> fainted!</div><div class="spacer"></div><div>Go! Conkeldurr!</div><h2>Turn 8</h2><div class="chat chatmessage-yrsteraedwsq"><strong style="color:hsl(187,42%,45%);"><small>☆</small><span class="username" data-name="yrsteraedwsq">yrsteraedwsq</span>:</strong> <em>?</em></div><div class="spacer"></div><div>The opposing <span class="battle-nickname-foe" title="Slurpuff">Slurpuff</span> used <strong>Dazzling Gleam</strong>!</div><div><small>It's super effective! </small><small><span class="battle-nickname" title="Conkeldurr">Conkeldurr</span> lost 100% of its health!</small><br></div><div class="spacer"></div><div><span class="battle-nickname" title="Conkeldurr">Conkeldurr</span> fainted!</div><div class="spacer"></div><div>Go! <span class="battle-nickname" title="Exeggutor-Alola">Exeggutor <small>(Exeggutor-Alola)</small></span>!</div><h2>Turn 9</h2><div class="spacer"></div><div>The opposing <span class="battle-nickname-foe" title="Slurpuff">Slurpuff</span> used <strong>Dazzling Gleam</strong>!</div><div><small>It's super effective! </small><small><span class="battle-nickname" title="Exeggutor-Alola">Exeggutor</span> lost 100% of its health!</small><br></div><div class="spacer"></div><div><span class="battle-nickname" title="Exeggutor-Alola">Exeggutor</span> fainted!</div><div class="spacer"></div><div>Go! Banette!</div><h2>Turn 10</h2><div class="spacer"></div><div><small><span class="battle-nickname" title="Banette-Mega">Banette</span>'s Banettite is reacting to algo0294's Mega Bracelet!<br><span class="battle-nickname" title="Banette-Mega">Banette</span> has Mega Evolved into Mega Banette!</small></div><div class="spacer"></div><div>The opposing <span class="battle-nickname-foe" title="Slurpuff">Slurpuff</span> used <strong>Dazzling Gleam</strong>!</div><div><small><span class="battle-nickname" title="Banette-Mega">Banette</span> lost 91% of its health!</small><br></div><div class="spacer"></div><div><span class="battle-nickname" title="Banette-Mega">Banette</span> used <strong>Shadow Claw</strong>!</div><div><small>A critical hit! </small><small>The opposing <span class="battle-nickname-foe" title="Slurpuff">Slurpuff</span> lost 63% of its health!</small><br></div><h2>Turn 11</h2><div class="spacer"></div><div>The opposing <span class="battle-nickname-foe" title="Slurpuff">Slurpuff</span> used <strong>Surf</strong>!</div><div><small><span class="battle-nickname" title="Banette-Mega">Banette</span> lost 9% of its health!</small><br></div><div class="spacer"></div><div><span class="battle-nickname" title="Banette-Mega">Banette</span> fainted!</div><div class="spacer"></div><div>Go! Crawdaunt!</div><h2>Turn 12</h2><div class="spacer"></div><div>The opposing <span class="battle-nickname-foe" title="Slurpuff">Slurpuff</span> used <strong>Dazzling Gleam</strong>!</div><div><small>It's super effective! </small><small><span class="battle-nickname" title="Crawdaunt">Crawdaunt</span> lost 100% of its health!</small><br></div><div class="spacer"></div><div><span class="battle-nickname" title="Crawdaunt">Crawdaunt</span> fainted!</div><div class="spacer"></div><div>yrsteraedwsq won the battle!</div><div class="chat chatmessage-yrsteraedwsq"><strong style="color:hsl(187,42%,45%);"><small>☆</small><span class="username" data-name="yrsteraedwsq">yrsteraedwsq</span>:</strong> <em>gg</em></div><div class="chat">algo0294's rating: 1095 → <strong>1064</strong><br>(-31 for losing)</div><div class="chat">yrsteraedwsq's rating: 1000 → <strong>1051</strong><br>(+51 for winning)</div><div class="chat"><small>algo0294 left.</small></div></div></div>
</div>
<script>
var daily = Math.floor(Date.now()/1000/60/60/24);document.write('<script src="https://play.pokemonshowdown.com/js/replay-embed.js?version'+daily+'"></'+'script>');
</script>
