<!DOCTYPE html>
<meta charset="utf-8" />
<!-- version 1 -->
<title>[Gen 7] Random Battle replay: MyNameItzOZMQ vs. doc2101</title>
<style>
html,body {font-family:Verdana, sans-serif;font-size:10pt;margin:0;padding:0;}body{padding:12px 0;} .battle-log {font-family:Verdana, sans-serif;font-size:10pt;} .battle-log-inline {border:1px solid #AAAAAA;background:#EEF2F5;color:black;max-width:640px;margin:0 auto 80px;padding-bottom:5px;} .battle-log .inner {padding:4px 8px 0px 8px;} .battle-log .inner-preempt {padding:0 8px 4px 8px;} .battle-log .inner-after {margin-top:0.5em;} .battle-log h2 {margin:0.5em -8px;padding:4px 8px;border:1px solid #AAAAAA;background:#E0E7EA;border-left:0;border-right:0;font-family:Verdana, sans-serif;font-size:13pt;} .battle-log .chat {vertical-align:middle;padding:3px 0 3px 0;font-size:8pt;} .battle-log .chat strong {color:#40576A;} .battle-log .chat em {padding:1px 4px 1px 3px;color:#000000;font-style:normal;} .chat.mine {background:rgba(0,0,0,0.05);margin-left:-8px;margin-right:-8px;padding-left:8px;padding-right:8px;} .spoiler {color:#BBBBBB;background:#BBBBBB;padding:0px 3px;} .spoiler:hover, .spoiler:active, .spoiler-shown {color:#000000;background:#E2E2E2;padding:0px 3px;} .spoiler a {color:#BBBBBB;} .spoiler:hover a, .spoiler:active a, .spoiler-shown a {color:#2288CC;} .chat code, .chat .spoiler:hover code, .chat .spoiler:active code, .chat .spoiler-shown code {border:1px solid #C0C0C0;background:#EEEEEE;color:black;padding:0 2px;} .chat .spoiler code {border:1px solid #CCCCCC;background:#CCCCCC;color:#CCCCCC;} .battle-log .rated {padding:3px 4px;} .battle-log .rated strong {color:white;background:#89A;padding:1px 4px;border-radius:4px;} .spacer {margin-top:0.5em;} .message-announce {background:#6688AA;color:white;padding:1px 4px 2px;} .message-announce a, .broadcast-green a, .broadcast-blue a, .broadcast-red a {color:#DDEEFF;} .broadcast-green {background-color:#559955;color:white;padding:2px 4px;} .broadcast-blue {background-color:#6688AA;color:white;padding:2px 4px;} .infobox {border:1px solid #6688AA;padding:2px 4px;} .infobox-limited {max-height:200px;overflow:auto;overflow-x:hidden;} .broadcast-red {background-color:#AA5544;color:white;padding:2px 4px;} .message-learn-canlearn {font-weight:bold;color:#228822;text-decoration:underline;} .message-learn-cannotlearn {font-weight:bold;color:#CC2222;text-decoration:underline;} .message-effect-weak {font-weight:bold;color:#CC2222;} .message-effect-resist {font-weight:bold;color:#6688AA;} .message-effect-immune {font-weight:bold;color:#666666;} .message-learn-list {margin-top:0;margin-bottom:0;} .message-throttle-notice, .message-error {color:#992222;} .message-overflow, .chat small.message-overflow {font-size:0pt;} .message-overflow::before {font-size:9pt;content:'...';} .subtle {color:#3A4A66;}
</style>
<div class="wrapper replay-wrapper" style="max-width:1180px;margin:0 auto">
<input type="hidden" name="replayid" value="gen7randombattle-566853487" />
<div class="battle"></div><div class="battle-log"></div><div class="replay-controls"></div><div class="replay-controls-2"></div>
<h1 style="font-weight:normal;text-align:center"><strong>[Gen 7] Random Battle</strong><br /><a href="http://pokemonshowdown.com/users/mynameitzozmq" class="subtle" target="_blank">MyNameItzOZMQ</a> vs. <a href="http://pokemonshowdown.com/users/doc2101" class="subtle" target="_blank">doc2101</a></h1>
<script type="text/plain" class="battle-log-data">|j|MyNameItzOZMQ
|j|doc2101
|player|p1|MyNameItzOZMQ|102
|player|p2|doc2101|30
|gametype|singles
|gen|7
|tier|[Gen 7] Random Battle
|rated
|seed|24503,38656,53376,56535,23164,51689,12510,22912,10958,63618,36686,58295
|rule|Sleep Clause Mod: Limit one foe put to sleep
|rule|HP Percentage Mod: HP is shown in percentages
|
|start
|switch|p1a: Mandibuzz|Mandibuzz, L77, F|100\/100
|switch|p2a: Zygarde|Zygarde, L73|100\/100
|turn|1
|choice|move whirlwind|move dragondance
|
|move|p2a: Zygarde|Dragon Dance|p2a: Zygarde
|-boost|p2a: Zygarde|atk|1
|-boost|p2a: Zygarde|spe|1
|move|p1a: Mandibuzz|Whirlwind|p2a: Zygarde
|drag|p2a: Dragonite|Dragonite, L76, M|100\/100
|
|upkeep
|turn|2
|choice|move knockoff|move outrage
|
|move|p1a: Mandibuzz|Knock Off|p2a: Dragonite
|-damage|p2a: Dragonite|89\/100
|-enditem|p2a: Dragonite|Lum Berry|[from] move: Knock Off|[of] p1a: Mandibuzz
|move|p2a: Dragonite|Outrage|p1a: Mandibuzz
|-damage|p1a: Mandibuzz|55\/100
|
|-heal|p1a: Mandibuzz|62\/100|[from] item: Leftovers
|upkeep
|turn|3
|-message|doc2101 forfeited.
|
|win|MyNameItzOZMQ
|l|doc2101
|raw|MyNameItzOZMQ's rating: 1160 &rarr; <strong>1186<\/strong><br \/>(+26 for winning)
|raw|doc2101's rating: 1174 &rarr; <strong>1148<\/strong><br \/>(-26 for losing)</script>
</div>
<div class="battle-log battle-log-inline"><div class="inner"><div class="chat"><small>MyNameItzOZMQ joined.</small></div><div class="chat"><small>doc2101 joined.</small></div><div style="padding:5px 0"><small>Format:</small> <br><strong>[Gen 7] Random Battle</strong></div><div class="rated"><strong>Rated battle</strong></div><div><small><em>Sleep Clause Mod:</em> Limit one foe put to sleep</small></div><div><small><em>HP Percentage Mod:</em> HP is shown in percentages</small></div><div>Battle between MyNameItzOZMQ and doc2101 started!</div><div class="spacer"></div><div>Go! Mandibuzz!</div><div class="spacer"></div><div>doc2101 sent out Zygarde!</div><h2>Turn 1</h2><div class="spacer"></div><div>The opposing <span class="battle-nickname-foe" title="Zygarde">Zygarde</span> used <strong>Dragon Dance</strong>!</div><div><small>The opposing <span class="battle-nickname-foe" title="Zygarde">Zygarde</span>'s Attack rose! The opposing <span class="battle-nickname-foe" title="Zygarde">Zygarde</span>'s Speed rose! </small></div><div class="spacer"></div><div><span class="battle-nickname" title="Mandibuzz">Mandibuzz</span> used <strong>Whirlwind</strong>!</div><div class="spacer"></div><div>Dragonite was dragged out!</div><h2>Turn 2</h2><div class="spacer"></div><div><span class="battle-nickname" title="Mandibuzz">Mandibuzz</span> used <strong>Knock Off</strong>!</div><div><small>The opposing <span class="battle-nickname-foe" title="Dragonite">Dragonite</span> lost 11% of its health!</small><br></div><div><small><span class="battle-nickname" title="Mandibuzz">Mandibuzz</span> knocked off the opposing <span class="battle-nickname-foe" title="Dragonite">Dragonite</span>'s Lum Berry!</small></div><div class="spacer"></div><div>The opposing <span class="battle-nickname-foe" title="Dragonite">Dragonite</span> used <strong>Outrage</strong>!</div><div><small><span class="battle-nickname" title="Mandibuzz">Mandibuzz</span> lost 45% of its health!</small><br></div><div class="spacer"></div><div><small><span class="battle-nickname" title="Mandibuzz">Mandibuzz</span> restored a little HP using its Leftovers!</small></div><h2>Turn 3</h2><div class="spacer"></div><div><small>doc2101 forfeited.</small></div><div class="spacer"></div><div>MyNameItzOZMQ won the battle!</div><div class="chat"><small>doc2101 left.</small></div><div class="chat">MyNameItzOZMQ's rating: 1160 → <strong>1186</strong><br>(+26 for winning)</div><div class="chat">doc2101's rating: 1174 → <strong>1148</strong><br>(-26 for losing)</div></div></div>
</div>
<script>
var daily = Math.floor(Date.now()/1000/60/60/24);document.write('<script src="https://play.pokemonshowdown.com/js/replay-embed.js?version'+daily+'"></'+'script>');
</script>
