<!DOCTYPE html>
<meta charset="utf-8" />
<!-- version 1 -->
<title>[Gen 7] Random Battle replay: y0play vs. The_2nd_Head</title>
<style>
html,body {font-family:Verdana, sans-serif;font-size:10pt;margin:0;padding:0;}body{padding:12px 0;} .battle-log {font-family:Verdana, sans-serif;font-size:10pt;} .battle-log-inline {border:1px solid #AAAAAA;background:#EEF2F5;color:black;max-width:640px;margin:0 auto 80px;padding-bottom:5px;} .battle-log .inner {padding:4px 8px 0px 8px;} .battle-log .inner-preempt {padding:0 8px 4px 8px;} .battle-log .inner-after {margin-top:0.5em;} .battle-log h2 {margin:0.5em -8px;padding:4px 8px;border:1px solid #AAAAAA;background:#E0E7EA;border-left:0;border-right:0;font-family:Verdana, sans-serif;font-size:13pt;} .battle-log .chat {vertical-align:middle;padding:3px 0 3px 0;font-size:8pt;} .battle-log .chat strong {color:#40576A;} .battle-log .chat em {padding:1px 4px 1px 3px;color:#000000;font-style:normal;} .chat.mine {background:rgba(0,0,0,0.05);margin-left:-8px;margin-right:-8px;padding-left:8px;padding-right:8px;} .spoiler {color:#BBBBBB;background:#BBBBBB;padding:0px 3px;} .spoiler:hover, .spoiler:active, .spoiler-shown {color:#000000;background:#E2E2E2;padding:0px 3px;} .spoiler a {color:#BBBBBB;} .spoiler:hover a, .spoiler:active a, .spoiler-shown a {color:#2288CC;} .chat code, .chat .spoiler:hover code, .chat .spoiler:active code, .chat .spoiler-shown code {border:1px solid #C0C0C0;background:#EEEEEE;color:black;padding:0 2px;} .chat .spoiler code {border:1px solid #CCCCCC;background:#CCCCCC;color:#CCCCCC;} .battle-log .rated {padding:3px 4px;} .battle-log .rated strong {color:white;background:#89A;padding:1px 4px;border-radius:4px;} .spacer {margin-top:0.5em;} .message-announce {background:#6688AA;color:white;padding:1px 4px 2px;} .message-announce a, .broadcast-green a, .broadcast-blue a, .broadcast-red a {color:#DDEEFF;} .broadcast-green {background-color:#559955;color:white;padding:2px 4px;} .broadcast-blue {background-color:#6688AA;color:white;padding:2px 4px;} .infobox {border:1px solid #6688AA;padding:2px 4px;} .infobox-limited {max-height:200px;overflow:auto;overflow-x:hidden;} .broadcast-red {background-color:#AA5544;color:white;padding:2px 4px;} .message-learn-canlearn {font-weight:bold;color:#228822;text-decoration:underline;} .message-learn-cannotlearn {font-weight:bold;color:#CC2222;text-decoration:underline;} .message-effect-weak {font-weight:bold;color:#CC2222;} .message-effect-resist {font-weight:bold;color:#6688AA;} .message-effect-immune {font-weight:bold;color:#666666;} .message-learn-list {margin-top:0;margin-bottom:0;} .message-throttle-notice, .message-error {color:#992222;} .message-overflow, .chat small.message-overflow {font-size:0pt;} .message-overflow::before {font-size:9pt;content:'...';} .subtle {color:#3A4A66;}
</style>
<div class="wrapper replay-wrapper" style="max-width:1180px;margin:0 auto">
<input type="hidden" name="replayid" value="gen7randombattle-566891979" />
<div class="battle"></div><div class="battle-log"></div><div class="replay-controls"></div><div class="replay-controls-2"></div>
<h1 style="font-weight:normal;text-align:center"><strong>[Gen 7] Random Battle</strong><br /><a href="http://pokemonshowdown.com/users/y0play" class="subtle" target="_blank">y0play</a> vs. <a href="http://pokemonshowdown.com/users/the2ndhead" class="subtle" target="_blank">The_2nd_Head</a></h1>
<script type="text/plain" class="battle-log-data">|j|y0play
|j|The_2nd_Head
|player|p1|y0play|92
|player|p2|The_2nd_Head|290
|gametype|singles
|gen|7
|tier|[Gen 7] Random Battle
|rated
|seed|29523,9328,65166,62042,40441,65434,13991,58686,49417,62332,3690,34202
|rule|Sleep Clause Mod: Limit one foe put to sleep
|rule|HP Percentage Mod: HP is shown in percentages
|
|start
|switch|p1a: Donphan|Donphan, L79, M|100\/100
|switch|p2a: Celebi|Celebi, L77|100\/100
|turn|1
|inactive|Battle timer is ON: inactive players will automatically lose when time's up. (requested by The_2nd_Head)
|choice|switch 2|move nastyplot
|
|switch|p1a: Rotom|Rotom-Frost, L79|100\/100
|move|p2a: Celebi|Nasty Plot|p2a: Celebi
|-boost|p2a: Celebi|spa|2
|
|upkeep
|turn|2
|choice|move blizzard|move psychic
|
|move|p2a: Celebi|Psychic|p1a: Rotom
|-damage|p1a: Rotom|34\/100
|move|p1a: Rotom|Blizzard|p2a: Celebi
|-supereffective|p2a: Celebi
|-damage|p2a: Celebi|29\/100
|
|-heal|p2a: Celebi|35\/100|[from] item: Leftovers
|-heal|p1a: Rotom|40\/100|[from] item: Leftovers
|upkeep
|turn|3
|choice|move blizzard|move psychic
|
|move|p2a: Celebi|Psychic|p1a: Rotom
|-damage|p1a: Rotom|0 fnt
|faint|p1a: Rotom
|
|-heal|p2a: Celebi|41\/100|[from] item: Leftovers
|upkeep
|choice|switch 3|
|
|switch|p1a: Pachirisu|Pachirisu, L79, M|100\/100
|-item|p1a: Pachirisu|Air Balloon
|turn|4
|choice|move uturn|move gigadrain
|
|move|p2a: Celebi|Giga Drain|p1a: Pachirisu
|-damage|p1a: Pachirisu|39\/100
|-heal|p2a: Celebi|66\/100|[from] drain|[of] p1a: Pachirisu
|-enditem|p1a: Pachirisu|Air Balloon
|move|p1a: Pachirisu|U-turn|p2a: Celebi
|-supereffective|p2a: Celebi
|-damage|p2a: Celebi|26\/100
|choice|switch 5|
|
|switch|p1a: Muk|Muk, L79, F|100\/100
|
|-heal|p2a: Celebi|32\/100|[from] item: Leftovers
|upkeep
|turn|5
|choice|move shadowsneak|move psychic
|
|move|p1a: Muk|Shadow Sneak|p2a: Celebi
|-supereffective|p2a: Celebi
|-crit|p2a: Celebi
|-damage|p2a: Celebi|4\/100
|move|p2a: Celebi|Psychic|p1a: Muk
|-supereffective|p1a: Muk
|-damage|p1a: Muk|0 fnt
|faint|p1a: Muk
|
|-heal|p2a: Celebi|10\/100|[from] item: Leftovers
|upkeep
|choice|switch 4|
|
|switch|p1a: Miltank|Miltank, L79, F|100\/100
|turn|6
|choice|move bodyslam|move gigadrain
|
|move|p1a: Miltank|Body Slam|p2a: Celebi
|-damage|p2a: Celebi|0 fnt
|faint|p2a: Celebi
|
|upkeep
|choice||switch 4
|
|switch|p2a: Mr. Mime|Mr. Mime, L79, F|100\/100
|turn|7
|choice|move curse|move nastyplot
|
|move|p1a: Miltank|Curse|p1a: Miltank
|-unboost|p1a: Miltank|spe|1
|-boost|p1a: Miltank|atk|1
|-boost|p1a: Miltank|def|1
|move|p2a: Mr. Mime|Nasty Plot|p2a: Mr. Mime
|-boost|p2a: Mr. Mime|spa|2
|
|upkeep
|turn|8
|choice|move bodyslam|move focusblast
|
|move|p2a: Mr. Mime|Focus Blast|p1a: Miltank
|-supereffective|p1a: Miltank
|-damage|p1a: Miltank|0 fnt
|-damage|p2a: Mr. Mime|91\/100|[from] item: Life Orb
|faint|p1a: Miltank
|
|upkeep
|choice|switch 2|
|
|switch|p1a: Donphan|Donphan, L79, M|100\/100
|turn|9
|choice|move earthquake|move focusblast
|
|move|p2a: Mr. Mime|Focus Blast|p1a: Donphan
|-damage|p1a: Donphan|5\/100
|-damage|p2a: Mr. Mime|81\/100|[from] item: Life Orb
|move|p1a: Donphan|Earthquake|p2a: Mr. Mime
|-damage|p2a: Mr. Mime|6\/100
|
|-heal|p1a: Donphan|11\/100|[from] item: Leftovers
|upkeep
|turn|10
|choice|move rapidspin|move dazzlinggleam
|
|move|p2a: Mr. Mime|Dazzling Gleam|p1a: Donphan
|-damage|p1a: Donphan|0 fnt
|-damage|p2a: Mr. Mime|0 fnt|[from] item: Life Orb
|faint|p1a: Donphan
|faint|p2a: Mr. Mime
|
|upkeep
|choice|switch 5|switch 5
|
|switch|p1a: Pachirisu|Pachirisu, L79, M|39\/100
|switch|p2a: Maractus|Maractus, L79, M|100\/100
|turn|11
|choice|move superfang|move spikes
|
|move|p1a: Pachirisu|Super Fang|p2a: Maractus
|-damage|p2a: Maractus|50\/100
|move|p2a: Maractus|Spikes|p1a: Pachirisu
|-sidestart|p1: y0play|Spikes
|
|-heal|p2a: Maractus|57\/100|[from] item: Leftovers
|upkeep
|turn|12
|choice|move thunderbolt|move spikyshield
|
|move|p2a: Maractus|Spiky Shield|p2a: Maractus
|-singleturn|p2a: Maractus|move: Protect
|move|p1a: Pachirisu|Thunderbolt|p2a: Maractus
|-activate|p2a: Maractus|move: Protect
|
|-heal|p2a: Maractus|63\/100|[from] item: Leftovers
|upkeep
|turn|13
|choice|move thunderbolt|move spikes
|
|move|p1a: Pachirisu|Thunderbolt|p2a: Maractus
|-resisted|p2a: Maractus
|-damage|p2a: Maractus|49\/100
|move|p2a: Maractus|Spikes|p1a: Pachirisu
|-sidestart|p1: y0play|Spikes
|
|-heal|p2a: Maractus|55\/100|[from] item: Leftovers
|upkeep
|turn|14
|choice|move superfang|move suckerpunch
|
|move|p2a: Maractus|Sucker Punch|p1a: Pachirisu
|-damage|p1a: Pachirisu|18\/100
|move|p1a: Pachirisu|Super Fang|p2a: Maractus
|-damage|p2a: Maractus|28\/100
|
|-heal|p2a: Maractus|34\/100|[from] item: Leftovers
|upkeep
|turn|15
|choice|move uturn|move suckerpunch
|
|move|p2a: Maractus|Sucker Punch|p1a: Pachirisu
|-damage|p1a: Pachirisu|0 fnt
|faint|p1a: Pachirisu
|
|-heal|p2a: Maractus|40\/100|[from] item: Leftovers
|upkeep
|choice|switch 6|
|
|switch|p1a: Chesnaught|Chesnaught, L79, F|100\/100
|-damage|p1a: Chesnaught|84\/100|[from] Spikes
|turn|16
|choice|move drainpunch|move suckerpunch
|
|move|p2a: Maractus|Sucker Punch|p1a: Chesnaught
|-resisted|p1a: Chesnaught
|-crit|p1a: Chesnaught
|-damage|p1a: Chesnaught|74\/100
|move|p1a: Chesnaught|Drain Punch|p2a: Maractus
|-crit|p2a: Maractus
|-damage|p2a: Maractus|0 fnt
|-heal|p1a: Chesnaught|92\/100|[from] drain|[of] p2a: Maractus
|faint|p2a: Maractus
|
|-heal|p1a: Chesnaught|98\/100|[from] item: Leftovers
|upkeep
|choice||switch 3
|
|switch|p2a: Galvantula|Galvantula, L79, M|100\/100
|turn|17
|choice|move leechseed|move thunder
|
|move|p2a: Galvantula|Thunder|p1a: Chesnaught|[miss]
|-miss|p2a: Galvantula|p1a: Chesnaught
|move|p1a: Chesnaught|Leech Seed|p2a: Galvantula
|-start|p2a: Galvantula|move: Leech Seed
|
|-heal|p1a: Chesnaught|100\/100|[from] item: Leftovers
|-damage|p2a: Galvantula|88\/100|[from] Leech Seed|[of] p1a: Chesnaught
|upkeep
|turn|18
|choice|move drainpunch|move thunder
|
|move|p2a: Galvantula|Thunder|p1a: Chesnaught
|-resisted|p1a: Chesnaught
|-damage|p1a: Chesnaught|72\/100
|-status|p1a: Chesnaught|par
|-damage|p2a: Galvantula|79\/100|[from] item: Life Orb
|move|p1a: Chesnaught|Drain Punch|p2a: Galvantula
|-resisted|p2a: Galvantula
|-damage|p2a: Galvantula|55\/100
|-heal|p1a: Chesnaught|82\/100 par|[from] drain|[of] p2a: Galvantula
|
|-heal|p1a: Chesnaught|88\/100 par|[from] item: Leftovers
|-damage|p2a: Galvantula|43\/100|[from] Leech Seed|[of] p1a: Chesnaught
|-heal|p1a: Chesnaught|99\/100 par|[silent]
|upkeep
|turn|19
|choice|move drainpunch|move voltswitch
|
|move|p2a: Galvantula|Volt Switch|p1a: Chesnaught
|-resisted|p1a: Chesnaught
|-damage|p1a: Chesnaught|82\/100 par
|-damage|p2a: Galvantula|33\/100|[from] item: Life Orb
|choice||switch 6
|
|switch|p2a: Basculin|Basculin, L79, M|100\/100
|cant|p1a: Chesnaught|par
|
|-heal|p1a: Chesnaught|87\/100 par|[from] item: Leftovers
|upkeep
|turn|20
|choice|move woodhammer|move waterfall
|
|move|p2a: Basculin|Waterfall|p1a: Chesnaught
|-resisted|p1a: Chesnaught
|-damage|p1a: Chesnaught|64\/100 par
|move|p1a: Chesnaught|Wood Hammer|p2a: Basculin
|-supereffective|p2a: Basculin
|-damage|p2a: Basculin|0 fnt
|-damage|p1a: Chesnaught|35\/100 par|[from] recoil|[of] p2a: Basculin
|faint|p2a: Basculin
|
|-heal|p1a: Chesnaught|41\/100 par|[from] item: Leftovers
|upkeep
|choice||switch 2
|
|switch|p2a: Rotom|Rotom-Frost, L79|100\/100
|turn|21
|choice|move spikyshield|move blizzard
|
|move|p1a: Chesnaught|Spiky Shield|p1a: Chesnaught
|-singleturn|p1a: Chesnaught|move: Protect
|move|p2a: Rotom|Blizzard|p1a: Chesnaught
|-activate|p1a: Chesnaught|move: Protect
|
|-heal|p1a: Chesnaught|47\/100 par|[from] item: Leftovers
|upkeep
|turn|22
|choice|move drainpunch|move blizzard
|
|move|p2a: Rotom|Blizzard|p1a: Chesnaught
|-supereffective|p1a: Chesnaught
|-damage|p1a: Chesnaught|0 fnt
|faint|p1a: Chesnaught
|
|win|The_2nd_Head
|raw|y0play's rating: 1171 &rarr; <strong>1147<\/strong><br \/>(-24 for losing)
|raw|The_2nd_Head's rating: 1184 &rarr; <strong>1208<\/strong><br \/>(+24 for winning)
|c|☆y0play|gg
|c|☆The_2nd_Head|gg</script>
</div>
<div class="battle-log battle-log-inline"><div class="inner"><div class="chat"><small>y0play joined.</small></div><div class="chat"><small>The_2nd_Head joined.</small></div><div style="padding:5px 0"><small>Format:</small> <br><strong>[Gen 7] Random Battle</strong></div><div class="rated"><strong>Rated battle</strong></div><div><small><em>Sleep Clause Mod:</em> Limit one foe put to sleep</small></div><div><small><em>HP Percentage Mod:</em> HP is shown in percentages</small></div><div>Battle between y0play and The_2nd_Head started!</div><div class="spacer"></div><div>Go! Donphan!</div><div class="spacer"></div><div>The_2nd_Head sent out Celebi!</div><h2>Turn 1</h2><div class="chat message-error">Battle timer is ON: inactive players will automatically lose when time's up. (requested by The_2nd_Head)</div><div class="spacer"></div><div><span class="battle-nickname" title="Donphan">Donphan</span>, come back!</div><div class="spacer"></div><div>Go! <span class="battle-nickname" title="Rotom-Frost">Rotom <small>(Rotom-Frost)</small></span>!</div><div class="spacer"></div><div>The opposing <span class="battle-nickname-foe" title="Celebi">Celebi</span> used <strong>Nasty Plot</strong>!</div><div><small>The opposing <span class="battle-nickname-foe" title="Celebi">Celebi</span>'s Special Attack rose sharply! </small></div><h2>Turn 2</h2><div class="spacer"></div><div>The opposing <span class="battle-nickname-foe" title="Celebi">Celebi</span> used <strong>Psychic</strong>!</div><div><small><span class="battle-nickname" title="Rotom-Frost">Rotom</span> lost 66% of its health!</small><br></div><div class="spacer"></div><div><span class="battle-nickname" title="Rotom-Frost">Rotom</span> used <strong>Blizzard</strong>!</div><div><small>It's super effective! </small><small>The opposing <span class="battle-nickname-foe" title="Celebi">Celebi</span> lost 71% of its health!</small><br></div><div class="spacer"></div><div><small>The opposing <span class="battle-nickname-foe" title="Celebi">Celebi</span> restored a little HP using its Leftovers!</small></div><div><small><span class="battle-nickname" title="Rotom-Frost">Rotom</span> restored a little HP using its Leftovers!</small></div><h2>Turn 3</h2><div class="spacer"></div><div>The opposing <span class="battle-nickname-foe" title="Celebi">Celebi</span> used <strong>Psychic</strong>!</div><div><small><span class="battle-nickname" title="Rotom-Frost">Rotom</span> lost 40% of its health!</small><br></div><div class="spacer"></div><div><span class="battle-nickname" title="Rotom-Frost">Rotom</span> fainted!</div><div class="spacer"></div><div><small>The opposing <span class="battle-nickname-foe" title="Celebi">Celebi</span> restored a little HP using its Leftovers!</small></div><div class="spacer"></div><div>Go! Pachirisu!</div><div><small><span class="battle-nickname" title="Pachirisu">Pachirisu</span> floats in the air with its Air Balloon!</small></div><h2>Turn 4</h2><div class="spacer"></div><div>The opposing <span class="battle-nickname-foe" title="Celebi">Celebi</span> used <strong>Giga Drain</strong>!</div><div><small><span class="battle-nickname" title="Pachirisu">Pachirisu</span> lost 61% of its health!</small><br></div><div><small><span class="battle-nickname" title="Pachirisu">Pachirisu</span> had its energy drained!</small></div><div><small><span class="battle-nickname" title="Pachirisu">Pachirisu</span>'s Air Balloon popped!</small></div><div class="spacer"></div><div><span class="battle-nickname" title="Pachirisu">Pachirisu</span> used <strong>U-turn</strong>!</div><div><small>It's super effective! </small><small>The opposing <span class="battle-nickname-foe" title="Celebi">Celebi</span> lost 40% of its health!</small><br></div><div class="spacer"></div><div><span class="battle-nickname" title="Pachirisu">Pachirisu</span> went back to y0play!</div><div class="spacer"></div><div>Go! Muk!</div><div class="spacer"></div><div><small>The opposing <span class="battle-nickname-foe" title="Celebi">Celebi</span> restored a little HP using its Leftovers!</small></div><h2>Turn 5</h2><div class="spacer"></div><div><span class="battle-nickname" title="Muk">Muk</span> used <strong>Shadow Sneak</strong>!</div><div><small>It's super effective! A critical hit! </small><small>The opposing <span class="battle-nickname-foe" title="Celebi">Celebi</span> lost 28% of its health!</small><br></div><div class="spacer"></div><div>The opposing <span class="battle-nickname-foe" title="Celebi">Celebi</span> used <strong>Psychic</strong>!</div><div><small>It's super effective! </small><small><span class="battle-nickname" title="Muk">Muk</span> lost 100% of its health!</small><br></div><div class="spacer"></div><div><span class="battle-nickname" title="Muk">Muk</span> fainted!</div><div class="spacer"></div><div><small>The opposing <span class="battle-nickname-foe" title="Celebi">Celebi</span> restored a little HP using its Leftovers!</small></div><div class="spacer"></div><div>Go! Miltank!</div><h2>Turn 6</h2><div class="spacer"></div><div><span class="battle-nickname" title="Miltank">Miltank</span> used <strong>Body Slam</strong>!</div><div><small>The opposing <span class="battle-nickname-foe" title="Celebi">Celebi</span> lost 10% of its health!</small><br></div><div class="spacer"></div><div>The opposing <span class="battle-nickname-foe" title="Celebi">Celebi</span> fainted!</div><div class="spacer"></div><div>The_2nd_Head sent out Mr. Mime!</div><h2>Turn 7</h2><div class="spacer"></div><div><span class="battle-nickname" title="Miltank">Miltank</span> used <strong>Curse</strong>!</div><div><small><span class="battle-nickname" title="Miltank">Miltank</span>'s Speed fell! </small></div><div><small><span class="battle-nickname" title="Miltank">Miltank</span>'s Attack rose! <span class="battle-nickname" title="Miltank">Miltank</span>'s Defense rose! </small></div><div class="spacer"></div><div>The opposing <span class="battle-nickname-foe" title="Mr. Mime">Mr. Mime</span> used <strong>Nasty Plot</strong>!</div><div><small>The opposing <span class="battle-nickname-foe" title="Mr. Mime">Mr. Mime</span>'s Special Attack rose sharply! </small></div><h2>Turn 8</h2><div class="spacer"></div><div>The opposing <span class="battle-nickname-foe" title="Mr. Mime">Mr. Mime</span> used <strong>Focus Blast</strong>!</div><div><small>It's super effective! </small><small><span class="battle-nickname" title="Miltank">Miltank</span> lost 100% of its health!</small><br></div><div><small>The opposing <span class="battle-nickname-foe" title="Mr. Mime">Mr. Mime</span> lost some of its HP!</small></div><div class="spacer"></div><div><span class="battle-nickname" title="Miltank">Miltank</span> fainted!</div><div class="spacer"></div><div>Go! Donphan!</div><h2>Turn 9</h2><div class="spacer"></div><div>The opposing <span class="battle-nickname-foe" title="Mr. Mime">Mr. Mime</span> used <strong>Focus Blast</strong>!</div><div><small><span class="battle-nickname" title="Donphan">Donphan</span> lost 95% of its health!</small><br></div><div><small>The opposing <span class="battle-nickname-foe" title="Mr. Mime">Mr. Mime</span> lost some of its HP!</small></div><div class="spacer"></div><div><span class="battle-nickname" title="Donphan">Donphan</span> used <strong>Earthquake</strong>!</div><div><small>The opposing <span class="battle-nickname-foe" title="Mr. Mime">Mr. Mime</span> lost 75% of its health!</small><br></div><div class="spacer"></div><div><small><span class="battle-nickname" title="Donphan">Donphan</span> restored a little HP using its Leftovers!</small></div><h2>Turn 10</h2><div class="spacer"></div><div>The opposing <span class="battle-nickname-foe" title="Mr. Mime">Mr. Mime</span> used <strong>Dazzling Gleam</strong>!</div><div><small><span class="battle-nickname" title="Donphan">Donphan</span> lost 11% of its health!</small><br></div><div><small>The opposing <span class="battle-nickname-foe" title="Mr. Mime">Mr. Mime</span> lost some of its HP!</small></div><div class="spacer"></div><div><span class="battle-nickname" title="Donphan">Donphan</span> fainted!</div><div class="spacer"></div><div>The opposing <span class="battle-nickname-foe" title="Mr. Mime">Mr. Mime</span> fainted!</div><div class="spacer"></div><div>Go! Pachirisu!</div><div class="spacer"></div><div>The_2nd_Head sent out Maractus!</div><h2>Turn 11</h2><div class="spacer"></div><div><span class="battle-nickname" title="Pachirisu">Pachirisu</span> used <strong>Super Fang</strong>!</div><div><small>The opposing <span class="battle-nickname-foe" title="Maractus">Maractus</span> lost 50% of its health!</small><br></div><div class="spacer"></div><div>The opposing <span class="battle-nickname-foe" title="Maractus">Maractus</span> used <strong>Spikes</strong>!</div><div><small>Spikes were scattered on the ground all around your team!</small></div><div class="spacer"></div><div><small>The opposing <span class="battle-nickname-foe" title="Maractus">Maractus</span> restored a little HP using its Leftovers!</small></div><h2>Turn 12</h2><div class="spacer"></div><div>The opposing <span class="battle-nickname-foe" title="Maractus">Maractus</span> used <strong>Spiky Shield</strong>!</div><div><small>The opposing <span class="battle-nickname-foe" title="Maractus">Maractus</span> protected itself!</small></div><div class="spacer"></div><div><span class="battle-nickname" title="Pachirisu">Pachirisu</span> used <strong>Thunderbolt</strong>!</div><div><small>The opposing <span class="battle-nickname-foe" title="Maractus">Maractus</span> protected itself!</small></div><div class="spacer"></div><div><small>The opposing <span class="battle-nickname-foe" title="Maractus">Maractus</span> restored a little HP using its Leftovers!</small></div><h2>Turn 13</h2><div class="spacer"></div><div><span class="battle-nickname" title="Pachirisu">Pachirisu</span> used <strong>Thunderbolt</strong>!</div><div><small>It's not very effective... </small><small>The opposing <span class="battle-nickname-foe" title="Maractus">Maractus</span> lost 14% of its health!</small><br></div><div class="spacer"></div><div>The opposing <span class="battle-nickname-foe" title="Maractus">Maractus</span> used <strong>Spikes</strong>!</div><div><small>Spikes were scattered on the ground all around your team!</small></div><div class="spacer"></div><div><small>The opposing <span class="battle-nickname-foe" title="Maractus">Maractus</span> restored a little HP using its Leftovers!</small></div><h2>Turn 14</h2><div class="spacer"></div><div>The opposing <span class="battle-nickname-foe" title="Maractus">Maractus</span> used <strong>Sucker Punch</strong>!</div><div><small><span class="battle-nickname" title="Pachirisu">Pachirisu</span> lost 21% of its health!</small><br></div><div class="spacer"></div><div><span class="battle-nickname" title="Pachirisu">Pachirisu</span> used <strong>Super Fang</strong>!</div><div><small>The opposing <span class="battle-nickname-foe" title="Maractus">Maractus</span> lost 27% of its health!</small><br></div><div class="spacer"></div><div><small>The opposing <span class="battle-nickname-foe" title="Maractus">Maractus</span> restored a little HP using its Leftovers!</small></div><h2>Turn 15</h2><div class="spacer"></div><div>The opposing <span class="battle-nickname-foe" title="Maractus">Maractus</span> used <strong>Sucker Punch</strong>!</div><div><small><span class="battle-nickname" title="Pachirisu">Pachirisu</span> lost 18% of its health!</small><br></div><div class="spacer"></div><div><span class="battle-nickname" title="Pachirisu">Pachirisu</span> fainted!</div><div class="spacer"></div><div><small>The opposing <span class="battle-nickname-foe" title="Maractus">Maractus</span> restored a little HP using its Leftovers!</small></div><div class="spacer"></div><div>Go! Chesnaught!</div><div><small><span class="battle-nickname" title="Chesnaught">Chesnaught</span> is hurt by the spikes!</small></div><h2>Turn 16</h2><div class="spacer"></div><div>The opposing <span class="battle-nickname-foe" title="Maractus">Maractus</span> used <strong>Sucker Punch</strong>!</div><div><small>It's not very effective... A critical hit! </small><small><span class="battle-nickname" title="Chesnaught">Chesnaught</span> lost 10% of its health!</small><br></div><div class="spacer"></div><div><span class="battle-nickname" title="Chesnaught">Chesnaught</span> used <strong>Drain Punch</strong>!</div><div><small>A critical hit! </small><small>The opposing <span class="battle-nickname-foe" title="Maractus">Maractus</span> lost 40% of its health!</small><br></div><div><small>The opposing <span class="battle-nickname-foe" title="Maractus">Maractus</span> had its energy drained!</small></div><div class="spacer"></div><div>The opposing <span class="battle-nickname-foe" title="Maractus">Maractus</span> fainted!</div><div class="spacer"></div><div><small><span class="battle-nickname" title="Chesnaught">Chesnaught</span> restored a little HP using its Leftovers!</small></div><div class="spacer"></div><div>The_2nd_Head sent out Galvantula!</div><h2>Turn 17</h2><div class="spacer"></div><div>The opposing <span class="battle-nickname-foe" title="Galvantula">Galvantula</span> used <strong>Thunder</strong>!</div><div><small><span class="battle-nickname" title="Chesnaught">Chesnaught</span> avoided the attack!</small></div><div class="spacer"></div><div><span class="battle-nickname" title="Chesnaught">Chesnaught</span> used <strong>Leech Seed</strong>!</div><div><small>The opposing <span class="battle-nickname-foe" title="Galvantula">Galvantula</span> was seeded!</small></div><div class="spacer"></div><div><small><span class="battle-nickname" title="Chesnaught">Chesnaught</span> restored a little HP using its Leftovers!</small></div><div><small>The opposing <span class="battle-nickname-foe" title="Galvantula">Galvantula</span>'s health is sapped by Leech Seed!</small></div><h2>Turn 18</h2><div class="spacer"></div><div>The opposing <span class="battle-nickname-foe" title="Galvantula">Galvantula</span> used <strong>Thunder</strong>!</div><div><small>It's not very effective... </small><small><span class="battle-nickname" title="Chesnaught">Chesnaught</span> lost 28% of its health!</small><br></div><div><small><span class="battle-nickname" title="Chesnaught">Chesnaught</span> is paralyzed! It may be unable to move!</small></div><div><small>The opposing <span class="battle-nickname-foe" title="Galvantula">Galvantula</span> lost some of its HP!</small></div><div class="spacer"></div><div><span class="battle-nickname" title="Chesnaught">Chesnaught</span> used <strong>Drain Punch</strong>!</div><div><small>It's not very effective... </small><small>The opposing <span class="battle-nickname-foe" title="Galvantula">Galvantula</span> lost 24% of its health!</small><br></div><div><small>The opposing <span class="battle-nickname-foe" title="Galvantula">Galvantula</span> had its energy drained!</small></div><div class="spacer"></div><div><small><span class="battle-nickname" title="Chesnaught">Chesnaught</span> restored a little HP using its Leftovers!</small></div><div><small>The opposing <span class="battle-nickname-foe" title="Galvantula">Galvantula</span>'s health is sapped by Leech Seed!</small></div><h2>Turn 19</h2><div class="spacer"></div><div>The opposing <span class="battle-nickname-foe" title="Galvantula">Galvantula</span> used <strong>Volt Switch</strong>!</div><div><small>It's not very effective... </small><small><span class="battle-nickname" title="Chesnaught">Chesnaught</span> lost 17% of its health!</small><br></div><div><small>The opposing <span class="battle-nickname-foe" title="Galvantula">Galvantula</span> lost some of its HP!</small></div><div class="spacer"></div><div>The opposing <span class="battle-nickname-foe" title="Galvantula">Galvantula</span> went back to The_2nd_Head!</div><div class="spacer"></div><div>The_2nd_Head sent out Basculin!</div><div class="spacer"></div><div><span class="battle-nickname" title="Chesnaught">Chesnaught</span> is paralyzed! It can't move!</div><div class="spacer"></div><div><small><span class="battle-nickname" title="Chesnaught">Chesnaught</span> restored a little HP using its Leftovers!</small></div><h2>Turn 20</h2><div class="spacer"></div><div>The opposing <span class="battle-nickname-foe" title="Basculin">Basculin</span> used <strong>Waterfall</strong>!</div><div><small>It's not very effective... </small><small><span class="battle-nickname" title="Chesnaught">Chesnaught</span> lost 23% of its health!</small><br></div><div class="spacer"></div><div><span class="battle-nickname" title="Chesnaught">Chesnaught</span> used <strong>Wood Hammer</strong>!</div><div><small>It's super effective! </small><small>The opposing <span class="battle-nickname-foe" title="Basculin">Basculin</span> lost 100% of its health!</small><br></div><div><small><span class="battle-nickname" title="Chesnaught">Chesnaught</span> is damaged by the recoil!</small></div><div class="spacer"></div><div>The opposing <span class="battle-nickname-foe" title="Basculin">Basculin</span> fainted!</div><div class="spacer"></div><div><small><span class="battle-nickname" title="Chesnaught">Chesnaught</span> restored a little HP using its Leftovers!</small></div><div class="spacer"></div><div>The_2nd_Head sent out <span class="battle-nickname-foe" title="Rotom-Frost">Rotom <small>(Rotom-Frost)</small></span>!</div><h2>Turn 21</h2><div class="spacer"></div><div><span class="battle-nickname" title="Chesnaught">Chesnaught</span> used <strong>Spiky Shield</strong>!</div><div><small><span class="battle-nickname" title="Chesnaught">Chesnaught</span> protected itself!</small></div><div class="spacer"></div><div>The opposing <span class="battle-nickname-foe" title="Rotom-Frost">Rotom</span> used <strong>Blizzard</strong>!</div><div><small><span class="battle-nickname" title="Chesnaught">Chesnaught</span> protected itself!</small></div><div class="spacer"></div><div><small><span class="battle-nickname" title="Chesnaught">Chesnaught</span> restored a little HP using its Leftovers!</small></div><h2>Turn 22</h2><div class="spacer"></div><div>The opposing <span class="battle-nickname-foe" title="Rotom-Frost">Rotom</span> used <strong>Blizzard</strong>!</div><div><small>It's super effective! </small><small><span class="battle-nickname" title="Chesnaught">Chesnaught</span> lost 47% of its health!</small><br></div><div class="spacer"></div><div><span class="battle-nickname" title="Chesnaught">Chesnaught</span> fainted!</div><div class="spacer"></div><div>The_2nd_Head won the battle!</div><div class="chat">y0play's rating: 1171 → <strong>1147</strong><br>(-24 for losing)</div><div class="chat">The_2nd_Head's rating: 1184 → <strong>1208</strong><br>(+24 for winning)</div><div class="chat chatmessage-y0play"><strong style="color:hsl(111,39%,47%);"><small>☆</small><span class="username" data-name="y0play">y0play</span>:</strong> <em>gg</em></div><div class="chat chatmessage-the2ndhead"><strong style="color:hsl(279,55.961252599999995%,52.961252599999995%);"><small>☆</small><span class="username" data-name="The_2nd_Head">The_2nd_Head</span>:</strong> <em>gg</em></div></div></div>
</div>
<script>
var daily = Math.floor(Date.now()/1000/60/60/24);document.write('<script src="https://play.pokemonshowdown.com/js/replay-embed.js?version'+daily+'"></'+'script>');
</script>
