<!DOCTYPE html>
<meta charset="utf-8" />
<!-- version 1 -->
<title>[Gen 7] Random Battle replay: Ntsweeper007 vs. Mnargh345</title>
<style>
html,body {font-family:Verdana, sans-serif;font-size:10pt;margin:0;padding:0;}body{padding:12px 0;} .battle-log {font-family:Verdana, sans-serif;font-size:10pt;} .battle-log-inline {border:1px solid #AAAAAA;background:#EEF2F5;color:black;max-width:640px;margin:0 auto 80px;padding-bottom:5px;} .battle-log .inner {padding:4px 8px 0px 8px;} .battle-log .inner-preempt {padding:0 8px 4px 8px;} .battle-log .inner-after {margin-top:0.5em;} .battle-log h2 {margin:0.5em -8px;padding:4px 8px;border:1px solid #AAAAAA;background:#E0E7EA;border-left:0;border-right:0;font-family:Verdana, sans-serif;font-size:13pt;} .battle-log .chat {vertical-align:middle;padding:3px 0 3px 0;font-size:8pt;} .battle-log .chat strong {color:#40576A;} .battle-log .chat em {padding:1px 4px 1px 3px;color:#000000;font-style:normal;} .chat.mine {background:rgba(0,0,0,0.05);margin-left:-8px;margin-right:-8px;padding-left:8px;padding-right:8px;} .spoiler {color:#BBBBBB;background:#BBBBBB;padding:0px 3px;} .spoiler:hover, .spoiler:active, .spoiler-shown {color:#000000;background:#E2E2E2;padding:0px 3px;} .spoiler a {color:#BBBBBB;} .spoiler:hover a, .spoiler:active a, .spoiler-shown a {color:#2288CC;} .chat code, .chat .spoiler:hover code, .chat .spoiler:active code, .chat .spoiler-shown code {border:1px solid #C0C0C0;background:#EEEEEE;color:black;padding:0 2px;} .chat .spoiler code {border:1px solid #CCCCCC;background:#CCCCCC;color:#CCCCCC;} .battle-log .rated {padding:3px 4px;} .battle-log .rated strong {color:white;background:#89A;padding:1px 4px;border-radius:4px;} .spacer {margin-top:0.5em;} .message-announce {background:#6688AA;color:white;padding:1px 4px 2px;} .message-announce a, .broadcast-green a, .broadcast-blue a, .broadcast-red a {color:#DDEEFF;} .broadcast-green {background-color:#559955;color:white;padding:2px 4px;} .broadcast-blue {background-color:#6688AA;color:white;padding:2px 4px;} .infobox {border:1px solid #6688AA;padding:2px 4px;} .infobox-limited {max-height:200px;overflow:auto;overflow-x:hidden;} .broadcast-red {background-color:#AA5544;color:white;padding:2px 4px;} .message-learn-canlearn {font-weight:bold;color:#228822;text-decoration:underline;} .message-learn-cannotlearn {font-weight:bold;color:#CC2222;text-decoration:underline;} .message-effect-weak {font-weight:bold;color:#CC2222;} .message-effect-resist {font-weight:bold;color:#6688AA;} .message-effect-immune {font-weight:bold;color:#666666;} .message-learn-list {margin-top:0;margin-bottom:0;} .message-throttle-notice, .message-error {color:#992222;} .message-overflow, .chat small.message-overflow {font-size:0pt;} .message-overflow::before {font-size:9pt;content:'...';} .subtle {color:#3A4A66;}
</style>
<div class="wrapper replay-wrapper" style="max-width:1180px;margin:0 auto">
<input type="hidden" name="replayid" value="gen7randombattle-566890257" />
<div class="battle"></div><div class="battle-log"></div><div class="replay-controls"></div><div class="replay-controls-2"></div>
<h1 style="font-weight:normal;text-align:center"><strong>[Gen 7] Random Battle</strong><br /><a href="http://pokemonshowdown.com/users/ntsweeper007" class="subtle" target="_blank">Ntsweeper007</a> vs. <a href="http://pokemonshowdown.com/users/mnargh345" class="subtle" target="_blank">Mnargh345</a></h1>
<script type="text/plain" class="battle-log-data">|j|Ntsweeper007
|j|Mnargh345
|player|p1|Ntsweeper007|281
|player|p2|Mnargh345|102
|gametype|singles
|gen|7
|tier|[Gen 7] Random Battle
|rated
|seed|59504,30893,24437,5215,19245,28215,55917,49738,43720,13267,29273,55152
|rule|Sleep Clause Mod: Limit one foe put to sleep
|rule|HP Percentage Mod: HP is shown in percentages
|
|start
|switch|p1a: Celesteela|Celesteela, L75|100\/100
|switch|p2a: Kricketune|Kricketune, L79, F|100\/100
|turn|1
|choice|move autotomize|move stickyweb
|
|move|p2a: Kricketune|Sticky Web|p1a: Celesteela
|-sidestart|p1: Ntsweeper007|move: Sticky Web
|move|p1a: Celesteela|Autotomize|p1a: Celesteela
|-boost|p1a: Celesteela|spe|2
|-start|p1a: Celesteela|Autotomize
|
|upkeep
|turn|2
|choice|move airslash|move endeavor
|
|move|p1a: Celesteela|Air Slash|p2a: Kricketune
|-supereffective|p2a: Kricketune
|-damage|p2a: Kricketune|19\/100
|move|p2a: Kricketune|Endeavor|p1a: Celesteela
|-damage|p1a: Celesteela|18\/100
|
|upkeep
|turn|3
|choice|move airslash|move knockoff
|
|move|p1a: Celesteela|Air Slash|p2a: Kricketune
|-supereffective|p2a: Kricketune
|-damage|p2a: Kricketune|0 fnt
|faint|p2a: Kricketune
|-ability|p1a: Celesteela|Beast Boost|boost
|-boost|p1a: Celesteela|spa|1
|
|upkeep
|choice||switch 2
|
|switch|p2a: Toxicroak|Toxicroak, L79, M|100\/100
|turn|4
|choice|move airslash|move suckerpunch
|
|move|p2a: Toxicroak|Sucker Punch|p1a: Celesteela
|-damage|p1a: Celesteela|0 fnt
|-damage|p2a: Toxicroak|91\/100|[from] item: Life Orb
|faint|p1a: Celesteela
|
|upkeep
|choice|switch 6|
|
|switch|p1a: Sigilyph|Sigilyph, L79, F|100\/100
|turn|5
|choice|move cosmicpower|move gunkshot
|
|move|p1a: Sigilyph|Cosmic Power|p1a: Sigilyph
|-boost|p1a: Sigilyph|def|1
|-boost|p1a: Sigilyph|spd|1
|move|p2a: Toxicroak|Gunk Shot|p1a: Sigilyph
|-damage|p1a: Sigilyph|52\/100
|-damage|p2a: Toxicroak|81\/100|[from] item: Life Orb
|
|-status|p1a: Sigilyph|brn|[from] item: Flame Orb
|upkeep
|turn|6
|choice|move psychoshift|move gunkshot
|
|move|p1a: Sigilyph|Psycho Shift|p2a: Toxicroak
|-status|p2a: Toxicroak|brn
|-curestatus|p1a: Sigilyph|brn|[msg]
|move|p2a: Toxicroak|Gunk Shot|p1a: Sigilyph
|-damage|p1a: Sigilyph|29\/100
|-damage|p2a: Toxicroak|71\/100 brn|[from] item: Life Orb
|
|-damage|p2a: Toxicroak|64\/100 brn|[from] brn
|-status|p1a: Sigilyph|brn|[from] item: Flame Orb
|upkeep
|turn|7
|choice|move roost|switch 6
|
|switch|p2a: Sharpedo|Sharpedo, L79, F|100\/100
|move|p1a: Sigilyph|Roost|p1a: Sigilyph
|-heal|p1a: Sigilyph|79\/100 brn
|
|upkeep
|turn|8
|choice|move psychoshift|move protect
|
|move|p2a: Sharpedo|Protect|p2a: Sharpedo
|-singleturn|p2a: Sharpedo|Protect
|move|p1a: Sigilyph|Psycho Shift|p2a: Sharpedo
|-activate|p2a: Sharpedo|move: Protect
|
|-ability|p2a: Sharpedo|Speed Boost|boost
|-boost|p2a: Sharpedo|spe|1
|upkeep
|turn|9
|choice|switch 3|move crunch
|
|switch|p1a: Watchog|Watchog, L79, F|100\/100
|-activate|p1a: Watchog|move: Sticky Web
|-unboost|p1a: Watchog|spe|1
|move|p2a: Sharpedo|Crunch|p1a: Watchog
|-damage|p1a: Watchog|38\/100
|-unboost|p1a: Watchog|def|1
|-damage|p2a: Sharpedo|90\/100|[from] item: Life Orb
|
|-heal|p1a: Watchog|44\/100|[from] item: Leftovers
|-ability|p2a: Sharpedo|Speed Boost|boost
|-boost|p2a: Sharpedo|spe|1
|upkeep
|turn|10
|choice|move return|move crunch
|
|move|p2a: Sharpedo|Crunch|p1a: Watchog
|-damage|p1a: Watchog|0 fnt
|-damage|p2a: Sharpedo|80\/100|[from] item: Life Orb
|faint|p1a: Watchog
|
|-ability|p2a: Sharpedo|Speed Boost|boost
|-boost|p2a: Sharpedo|spe|1
|upkeep
|choice|switch 4|
|
|switch|p1a: Kyurem|Kyurem-White, L73|100\/100
|-activate|p1a: Kyurem|move: Sticky Web
|-unboost|p1a: Kyurem|spe|1
|-ability|p1a: Kyurem|Turboblaze
|turn|11
|choice|move dragonpulse|switch 6
|
|switch|p2a: Toxicroak|Toxicroak, L79, M|64\/100 brn
|move|p1a: Kyurem|Dragon Pulse|p2a: Toxicroak
|-damage|p2a: Toxicroak|8\/100 brn
|
|-damage|p2a: Toxicroak|2\/100 brn|[from] brn
|upkeep
|turn|12
|choice|move dragonpulse|move gunkshot
|
|move|p2a: Toxicroak|Gunk Shot|p1a: Kyurem
|-damage|p1a: Kyurem|70\/100
|-damage|p2a: Toxicroak|0 fnt|[from] item: Life Orb
|faint|p2a: Toxicroak
|move|p1a: Kyurem|Dragon Pulse|p2: Toxicroak|[notarget]
|-notarget
|
|upkeep
|inactive|Battle timer is ON: inactive players will automatically lose when time's up. (requested by Ntsweeper007)
|choice||switch 4
|
|switch|p2a: Metagross|Metagross, L75|100\/100
|turn|13
|choice|switch 2|move meteormash mega
|
|switch|p1a: Volcanion|Volcanion, L77|100\/100
|-activate|p1a: Volcanion|move: Sticky Web
|-unboost|p1a: Volcanion|spe|1
|detailschange|p2a: Metagross|Metagross-Mega, L75
|-mega|p2a: Metagross|Metagross|Metagrossite
|move|p2a: Metagross|Meteor Mash|p1a: Volcanion
|-resisted|p1a: Volcanion
|-damage|p1a: Volcanion|88\/100
|
|upkeep
|turn|14
|choice|move fireblast|switch 5
|
|switch|p2a: Maractus|Maractus, L79, F|100\/100
|move|p1a: Volcanion|Fire Blast|p2a: Maractus
|-supereffective|p2a: Maractus
|-damage|p2a: Maractus|0 fnt
|faint|p2a: Maractus
|
|upkeep
|choice||switch 3
|
|switch|p2a: Trevenant|Trevenant, L79, F|100\/100
|turn|15
|choice|move fireblast|move hornleech
|
|move|p2a: Trevenant|Horn Leech|p1a: Volcanion
|-damage|p1a: Volcanion|60\/100
|move|p1a: Volcanion|Fire Blast|p2a: Trevenant
|-supereffective|p2a: Trevenant
|-damage|p2a: Trevenant|0 fnt
|faint|p2a: Trevenant
|
|upkeep
|choice||switch 6
|
|switch|p2a: Sharpedo|Sharpedo, L79, F|80\/100
|turn|16
|choice|move fireblast|move earthquake
|
|move|p2a: Sharpedo|Earthquake|p1a: Volcanion
|-supereffective|p1a: Volcanion
|-damage|p1a: Volcanion|0 fnt
|-damage|p2a: Sharpedo|70\/100|[from] item: Life Orb
|faint|p1a: Volcanion
|
|-ability|p2a: Sharpedo|Speed Boost|boost
|-boost|p2a: Sharpedo|spe|1
|upkeep
|choice|switch 5|
|
|switch|p1a: Absol|Absol, L77, M|100\/100
|-activate|p1a: Absol|move: Sticky Web
|-unboost|p1a: Absol|spe|1
|turn|17
|choice|move swordsdance mega|move waterfall
|
|detailschange|p1a: Absol|Absol-Mega, L77, M
|-mega|p1a: Absol|Absol|Absolite
|move|p2a: Sharpedo|Waterfall|p1a: Absol
|-damage|p1a: Absol|30\/100
|-damage|p2a: Sharpedo|60\/100|[from] item: Life Orb
|move|p1a: Absol|Swords Dance|p1a: Absol
|-boost|p1a: Absol|atk|2
|
|-ability|p2a: Sharpedo|Speed Boost|boost
|-boost|p2a: Sharpedo|spe|1
|upkeep
|turn|18
|choice|move suckerpunch|move waterfall
|
|move|p1a: Absol|Sucker Punch|p2a: Sharpedo
|-resisted|p2a: Sharpedo
|-damage|p2a: Sharpedo|0 fnt
|faint|p2a: Sharpedo
|
|upkeep
|c|☆Mnargh345|goddamn sigilyph
|c|☆Mnargh345|gg
|choice||switch 5
|
|switch|p2a: Metagross|Metagross-Mega, L75|100\/100
|turn|19
|choice|move suckerpunch|move meteormash
|
|move|p1a: Absol|Sucker Punch|p2a: Metagross
|-supereffective|p2a: Metagross
|-damage|p2a: Metagross|0 fnt
|faint|p2a: Metagross
|
|win|Ntsweeper007
|l|Mnargh345</script>
</div>
<div class="battle-log battle-log-inline"><div class="inner"><div class="chat"><small>Ntsweeper007 joined.</small></div><div class="chat"><small>Mnargh345 joined.</small></div><div style="padding:5px 0"><small>Format:</small> <br><strong>[Gen 7] Random Battle</strong></div><div class="rated"><strong>Rated battle</strong></div><div><small><em>Sleep Clause Mod:</em> Limit one foe put to sleep</small></div><div><small><em>HP Percentage Mod:</em> HP is shown in percentages</small></div><div>Battle between Ntsweeper007 and Mnargh345 started!</div><div class="spacer"></div><div>Go! Celesteela!</div><div class="spacer"></div><div>Mnargh345 sent out Kricketune!</div><h2>Turn 1</h2><div class="spacer"></div><div>The opposing <span class="battle-nickname-foe" title="Kricketune">Kricketune</span> used <strong>Sticky Web</strong>!</div><div><small>A sticky web spreads out on the ground around your team!</small></div><div class="spacer"></div><div><span class="battle-nickname" title="Celesteela">Celesteela</span> used <strong>Autotomize</strong>!</div><div><small><span class="battle-nickname" title="Celesteela">Celesteela</span>'s Speed rose sharply! </small></div><div><small><span class="battle-nickname" title="Celesteela">Celesteela</span> became nimble!</small></div><h2>Turn 2</h2><div class="spacer"></div><div><span class="battle-nickname" title="Celesteela">Celesteela</span> used <strong>Air Slash</strong>!</div><div><small>It's super effective! </small><small>The opposing <span class="battle-nickname-foe" title="Kricketune">Kricketune</span> lost 81% of its health!</small><br></div><div class="spacer"></div><div>The opposing <span class="battle-nickname-foe" title="Kricketune">Kricketune</span> used <strong>Endeavor</strong>!</div><div><small><span class="battle-nickname" title="Celesteela">Celesteela</span> lost 82% of its health!</small><br></div><h2>Turn 3</h2><div class="spacer"></div><div><span class="battle-nickname" title="Celesteela">Celesteela</span> used <strong>Air Slash</strong>!</div><div><small>It's super effective! </small><small>The opposing <span class="battle-nickname-foe" title="Kricketune">Kricketune</span> lost 19% of its health!</small><br></div><div class="spacer"></div><div>The opposing <span class="battle-nickname-foe" title="Kricketune">Kricketune</span> fainted!</div><div><small>[<span class="battle-nickname" title="Celesteela">Celesteela</span>'s Beast Boost!]</small></div><div><small><span class="battle-nickname" title="Celesteela">Celesteela</span>'s Special Attack rose! </small></div><div class="spacer"></div><div>Mnargh345 sent out Toxicroak!</div><h2>Turn 4</h2><div class="spacer"></div><div>The opposing <span class="battle-nickname-foe" title="Toxicroak">Toxicroak</span> used <strong>Sucker Punch</strong>!</div><div><small><span class="battle-nickname" title="Celesteela">Celesteela</span> lost 18% of its health!</small><br></div><div><small>The opposing <span class="battle-nickname-foe" title="Toxicroak">Toxicroak</span> lost some of its HP!</small></div><div class="spacer"></div><div><span class="battle-nickname" title="Celesteela">Celesteela</span> fainted!</div><div class="spacer"></div><div>Go! Sigilyph!</div><h2>Turn 5</h2><div class="spacer"></div><div><span class="battle-nickname" title="Sigilyph">Sigilyph</span> used <strong>Cosmic Power</strong>!</div><div><small><span class="battle-nickname" title="Sigilyph">Sigilyph</span>'s Defense rose! <span class="battle-nickname" title="Sigilyph">Sigilyph</span>'s Special Defense rose! </small></div><div class="spacer"></div><div>The opposing <span class="battle-nickname-foe" title="Toxicroak">Toxicroak</span> used <strong>Gunk Shot</strong>!</div><div><small><span class="battle-nickname" title="Sigilyph">Sigilyph</span> lost 48% of its health!</small><br></div><div><small>The opposing <span class="battle-nickname-foe" title="Toxicroak">Toxicroak</span> lost some of its HP!</small></div><div class="spacer"></div><div><small><span class="battle-nickname" title="Sigilyph">Sigilyph</span> was burned by the Flame Orb!</small></div><h2>Turn 6</h2><div class="spacer"></div><div><span class="battle-nickname" title="Sigilyph">Sigilyph</span> used <strong>Psycho Shift</strong>!</div><div><small>The opposing <span class="battle-nickname-foe" title="Toxicroak">Toxicroak</span> was burned!</small></div><div><small><span class="battle-nickname" title="Sigilyph">Sigilyph</span>'s burn was healed.</small></div><div class="spacer"></div><div>The opposing <span class="battle-nickname-foe" title="Toxicroak">Toxicroak</span> used <strong>Gunk Shot</strong>!</div><div><small><span class="battle-nickname" title="Sigilyph">Sigilyph</span> lost 23% of its health!</small><br></div><div><small>The opposing <span class="battle-nickname-foe" title="Toxicroak">Toxicroak</span> lost some of its HP!</small></div><div class="spacer"></div><div><small>The opposing <span class="battle-nickname-foe" title="Toxicroak">Toxicroak</span> was hurt by its burn!</small></div><div><small><span class="battle-nickname" title="Sigilyph">Sigilyph</span> was burned by the Flame Orb!</small></div><h2>Turn 7</h2><div class="spacer"></div><div>Mnargh345 withdrew Toxicroak!</div><div class="spacer"></div><div>Mnargh345 sent out Sharpedo!</div><div class="spacer"></div><div><span class="battle-nickname" title="Sigilyph">Sigilyph</span> used <strong>Roost</strong>!</div><div><small><span class="battle-nickname" title="Sigilyph">Sigilyph</span> restored its HP.</small></div><h2>Turn 8</h2><div class="spacer"></div><div>The opposing <span class="battle-nickname-foe" title="Sharpedo">Sharpedo</span> used <strong>Protect</strong>!</div><div><small>The opposing <span class="battle-nickname-foe" title="Sharpedo">Sharpedo</span> protected itself!</small></div><div class="spacer"></div><div><span class="battle-nickname" title="Sigilyph">Sigilyph</span> used <strong>Psycho Shift</strong>!</div><div><small>The opposing <span class="battle-nickname-foe" title="Sharpedo">Sharpedo</span> protected itself!</small></div><div><small>[Opposing <span class="battle-nickname-foe" title="Sharpedo">Sharpedo</span>'s Speed Boost!]</small></div><div><small>The opposing <span class="battle-nickname-foe" title="Sharpedo">Sharpedo</span>'s Speed rose! </small></div><h2>Turn 9</h2><div class="spacer"></div><div><span class="battle-nickname" title="Sigilyph">Sigilyph</span>, come back!</div><div class="spacer"></div><div>Go! Watchog!</div><div><small><span class="battle-nickname" title="Watchog">Watchog</span> was caught in a sticky web!</small></div><div><small><span class="battle-nickname" title="Watchog">Watchog</span>'s Speed fell! </small></div><div class="spacer"></div><div>The opposing <span class="battle-nickname-foe" title="Sharpedo">Sharpedo</span> used <strong>Crunch</strong>!</div><div><small><span class="battle-nickname" title="Watchog">Watchog</span> lost 62% of its health!</small><br></div><div><small><span class="battle-nickname" title="Watchog">Watchog</span>'s Defense fell! </small></div><div><small>The opposing <span class="battle-nickname-foe" title="Sharpedo">Sharpedo</span> lost some of its HP!</small></div><div class="spacer"></div><div><small><span class="battle-nickname" title="Watchog">Watchog</span> restored a little HP using its Leftovers!</small></div><div><small>[Opposing <span class="battle-nickname-foe" title="Sharpedo">Sharpedo</span>'s Speed Boost!]</small></div><div><small>The opposing <span class="battle-nickname-foe" title="Sharpedo">Sharpedo</span>'s Speed rose! </small></div><h2>Turn 10</h2><div class="spacer"></div><div>The opposing <span class="battle-nickname-foe" title="Sharpedo">Sharpedo</span> used <strong>Crunch</strong>!</div><div><small><span class="battle-nickname" title="Watchog">Watchog</span> lost 44% of its health!</small><br></div><div><small>The opposing <span class="battle-nickname-foe" title="Sharpedo">Sharpedo</span> lost some of its HP!</small></div><div class="spacer"></div><div><span class="battle-nickname" title="Watchog">Watchog</span> fainted!</div><div><small>[Opposing <span class="battle-nickname-foe" title="Sharpedo">Sharpedo</span>'s Speed Boost!]</small></div><div><small>The opposing <span class="battle-nickname-foe" title="Sharpedo">Sharpedo</span>'s Speed rose! </small></div><div class="spacer"></div><div>Go! <span class="battle-nickname" title="Kyurem-White">Kyurem <small>(Kyurem-White)</small></span>!</div><div><small><span class="battle-nickname" title="Kyurem-White">Kyurem</span> was caught in a sticky web!</small></div><div><small><span class="battle-nickname" title="Kyurem-White">Kyurem</span>'s Speed fell! </small></div><div><small>[<span class="battle-nickname" title="Kyurem-White">Kyurem</span>'s Turboblaze!]</small></div><div><small><span class="battle-nickname" title="Kyurem-White">Kyurem</span> is radiating a blazing aura!</small></div><h2>Turn 11</h2><div class="spacer"></div><div>Mnargh345 withdrew Sharpedo!</div><div class="spacer"></div><div>Mnargh345 sent out Toxicroak!</div><div class="spacer"></div><div><span class="battle-nickname" title="Kyurem-White">Kyurem</span> used <strong>Dragon Pulse</strong>!</div><div><small>The opposing <span class="battle-nickname-foe" title="Toxicroak">Toxicroak</span> lost 56% of its health!</small><br></div><div class="spacer"></div><div><small>The opposing <span class="battle-nickname-foe" title="Toxicroak">Toxicroak</span> was hurt by its burn!</small></div><h2>Turn 12</h2><div class="spacer"></div><div>The opposing <span class="battle-nickname-foe" title="Toxicroak">Toxicroak</span> used <strong>Gunk Shot</strong>!</div><div><small><span class="battle-nickname" title="Kyurem-White">Kyurem</span> lost 30% of its health!</small><br></div><div><small>The opposing <span class="battle-nickname-foe" title="Toxicroak">Toxicroak</span> lost some of its HP!</small></div><div class="spacer"></div><div>The opposing <span class="battle-nickname-foe" title="Toxicroak">Toxicroak</span> fainted!</div><div class="spacer"></div><div><span class="battle-nickname" title="Kyurem-White">Kyurem</span> used <strong>Dragon Pulse</strong>!</div><div><small>But it failed!</small></div><div class="chat message-error">Battle timer is ON: inactive players will automatically lose when time's up. (requested by Ntsweeper007)</div><div class="spacer"></div><div>Mnargh345 sent out Metagross!</div><h2>Turn 13</h2><div class="spacer"></div><div><span class="battle-nickname" title="Kyurem-White">Kyurem</span>, come back!</div><div class="spacer"></div><div>Go! Volcanion!</div><div><small><span class="battle-nickname" title="Volcanion">Volcanion</span> was caught in a sticky web!</small></div><div><small><span class="battle-nickname" title="Volcanion">Volcanion</span>'s Speed fell! </small></div><div class="spacer"></div><div><small>The opposing <span class="battle-nickname-foe" title="Metagross-Mega">Metagross</span>'s Metagrossite is reacting to Mnargh345's Mega Bracelet!<br>The opposing <span class="battle-nickname-foe" title="Metagross-Mega">Metagross</span> has Mega Evolved into Mega Metagross!</small></div><div class="spacer"></div><div>The opposing <span class="battle-nickname-foe" title="Metagross-Mega">Metagross</span> used <strong>Meteor Mash</strong>!</div><div><small>It's not very effective... </small><small><span class="battle-nickname" title="Volcanion">Volcanion</span> lost 12% of its health!</small><br></div><h2>Turn 14</h2><div class="spacer"></div><div>Mnargh345 withdrew <span class="battle-nickname-foe" title="Metagross-Mega">Metagross <small>(Metagross-Mega)</small></span>!</div><div class="spacer"></div><div>Mnargh345 sent out Maractus!</div><div class="spacer"></div><div><span class="battle-nickname" title="Volcanion">Volcanion</span> used <strong>Fire Blast</strong>!</div><div><small>It's super effective! </small><small>The opposing <span class="battle-nickname-foe" title="Maractus">Maractus</span> lost 100% of its health!</small><br></div><div class="spacer"></div><div>The opposing <span class="battle-nickname-foe" title="Maractus">Maractus</span> fainted!</div><div class="spacer"></div><div>Mnargh345 sent out Trevenant!</div><h2>Turn 15</h2><div class="spacer"></div><div>The opposing <span class="battle-nickname-foe" title="Trevenant">Trevenant</span> used <strong>Horn Leech</strong>!</div><div><small><span class="battle-nickname" title="Volcanion">Volcanion</span> lost 28% of its health!</small><br></div><div class="spacer"></div><div><span class="battle-nickname" title="Volcanion">Volcanion</span> used <strong>Fire Blast</strong>!</div><div><small>It's super effective! </small><small>The opposing <span class="battle-nickname-foe" title="Trevenant">Trevenant</span> lost 100% of its health!</small><br></div><div class="spacer"></div><div>The opposing <span class="battle-nickname-foe" title="Trevenant">Trevenant</span> fainted!</div><div class="spacer"></div><div>Mnargh345 sent out Sharpedo!</div><h2>Turn 16</h2><div class="spacer"></div><div>The opposing <span class="battle-nickname-foe" title="Sharpedo">Sharpedo</span> used <strong>Earthquake</strong>!</div><div><small>It's super effective! </small><small><span class="battle-nickname" title="Volcanion">Volcanion</span> lost 60% of its health!</small><br></div><div><small>The opposing <span class="battle-nickname-foe" title="Sharpedo">Sharpedo</span> lost some of its HP!</small></div><div class="spacer"></div><div><span class="battle-nickname" title="Volcanion">Volcanion</span> fainted!</div><div><small>[Opposing <span class="battle-nickname-foe" title="Sharpedo">Sharpedo</span>'s Speed Boost!]</small></div><div><small>The opposing <span class="battle-nickname-foe" title="Sharpedo">Sharpedo</span>'s Speed rose! </small></div><div class="spacer"></div><div>Go! Absol!</div><div><small><span class="battle-nickname" title="Absol">Absol</span> was caught in a sticky web!</small></div><div><small><span class="battle-nickname" title="Absol">Absol</span>'s Speed fell! </small></div><h2>Turn 17</h2><div class="spacer"></div><div><small><span class="battle-nickname" title="Absol-Mega">Absol</span>'s Absolite is reacting to Ntsweeper007's Mega Bracelet!<br><span class="battle-nickname" title="Absol-Mega">Absol</span> has Mega Evolved into Mega Absol!</small></div><div class="spacer"></div><div>The opposing <span class="battle-nickname-foe" title="Sharpedo">Sharpedo</span> used <strong>Waterfall</strong>!</div><div><small><span class="battle-nickname" title="Absol-Mega">Absol</span> lost 70% of its health!</small><br></div><div><small>The opposing <span class="battle-nickname-foe" title="Sharpedo">Sharpedo</span> lost some of its HP!</small></div><div class="spacer"></div><div><span class="battle-nickname" title="Absol-Mega">Absol</span> used <strong>Swords Dance</strong>!</div><div><small><span class="battle-nickname" title="Absol-Mega">Absol</span>'s Attack rose sharply! </small></div><div><small>[Opposing <span class="battle-nickname-foe" title="Sharpedo">Sharpedo</span>'s Speed Boost!]</small></div><div><small>The opposing <span class="battle-nickname-foe" title="Sharpedo">Sharpedo</span>'s Speed rose! </small></div><h2>Turn 18</h2><div class="spacer"></div><div><span class="battle-nickname" title="Absol-Mega">Absol</span> used <strong>Sucker Punch</strong>!</div><div><small>It's not very effective... </small><small>The opposing <span class="battle-nickname-foe" title="Sharpedo">Sharpedo</span> lost 60% of its health!</small><br></div><div class="spacer"></div><div>The opposing <span class="battle-nickname-foe" title="Sharpedo">Sharpedo</span> fainted!</div><div class="chat chatmessage-mnargh345"><strong style="color:hsl(108,65%,38%);"><small>☆</small><span class="username" data-name="Mnargh345">Mnargh345</span>:</strong> <em>goddamn sigilyph</em></div><div class="chat chatmessage-mnargh345"><strong style="color:hsl(108,65%,38%);"><small>☆</small><span class="username" data-name="Mnargh345">Mnargh345</span>:</strong> <em>gg</em></div><div class="spacer"></div><div>Mnargh345 sent out <span class="battle-nickname-foe" title="Metagross-Mega">Metagross <small>(Metagross-Mega)</small></span>!</div><h2>Turn 19</h2><div class="spacer"></div><div><span class="battle-nickname" title="Absol-Mega">Absol</span> used <strong>Sucker Punch</strong>!</div><div><small>It's super effective! </small><small>The opposing <span class="battle-nickname-foe" title="Metagross-Mega">Metagross</span> lost 100% of its health!</small><br></div><div class="spacer"></div><div>The opposing <span class="battle-nickname-foe" title="Metagross-Mega">Metagross</span> fainted!</div><div class="spacer"></div><div>Ntsweeper007 won the battle!</div><div class="chat"><small>Mnargh345 left.</small></div></div></div>
</div>
<script>
var daily = Math.floor(Date.now()/1000/60/60/24);document.write('<script src="https://play.pokemonshowdown.com/js/replay-embed.js?version'+daily+'"></'+'script>');
</script>
