<!DOCTYPE html>
<meta charset="utf-8" />
<!-- version 1 -->
<title>[Gen 7] Random Battle replay: Gryfenfer vs. Stargazer671</title>
<style>
html,body {font-family:Verdana, sans-serif;font-size:10pt;margin:0;padding:0;}body{padding:12px 0;} .battle-log {font-family:Verdana, sans-serif;font-size:10pt;} .battle-log-inline {border:1px solid #AAAAAA;background:#EEF2F5;color:black;max-width:640px;margin:0 auto 80px;padding-bottom:5px;} .battle-log .inner {padding:4px 8px 0px 8px;} .battle-log .inner-preempt {padding:0 8px 4px 8px;} .battle-log .inner-after {margin-top:0.5em;} .battle-log h2 {margin:0.5em -8px;padding:4px 8px;border:1px solid #AAAAAA;background:#E0E7EA;border-left:0;border-right:0;font-family:Verdana, sans-serif;font-size:13pt;} .battle-log .chat {vertical-align:middle;padding:3px 0 3px 0;font-size:8pt;} .battle-log .chat strong {color:#40576A;} .battle-log .chat em {padding:1px 4px 1px 3px;color:#000000;font-style:normal;} .chat.mine {background:rgba(0,0,0,0.05);margin-left:-8px;margin-right:-8px;padding-left:8px;padding-right:8px;} .spoiler {color:#BBBBBB;background:#BBBBBB;padding:0px 3px;} .spoiler:hover, .spoiler:active, .spoiler-shown {color:#000000;background:#E2E2E2;padding:0px 3px;} .spoiler a {color:#BBBBBB;} .spoiler:hover a, .spoiler:active a, .spoiler-shown a {color:#2288CC;} .chat code, .chat .spoiler:hover code, .chat .spoiler:active code, .chat .spoiler-shown code {border:1px solid #C0C0C0;background:#EEEEEE;color:black;padding:0 2px;} .chat .spoiler code {border:1px solid #CCCCCC;background:#CCCCCC;color:#CCCCCC;} .battle-log .rated {padding:3px 4px;} .battle-log .rated strong {color:white;background:#89A;padding:1px 4px;border-radius:4px;} .spacer {margin-top:0.5em;} .message-announce {background:#6688AA;color:white;padding:1px 4px 2px;} .message-announce a, .broadcast-green a, .broadcast-blue a, .broadcast-red a {color:#DDEEFF;} .broadcast-green {background-color:#559955;color:white;padding:2px 4px;} .broadcast-blue {background-color:#6688AA;color:white;padding:2px 4px;} .infobox {border:1px solid #6688AA;padding:2px 4px;} .infobox-limited {max-height:200px;overflow:auto;overflow-x:hidden;} .broadcast-red {background-color:#AA5544;color:white;padding:2px 4px;} .message-learn-canlearn {font-weight:bold;color:#228822;text-decoration:underline;} .message-learn-cannotlearn {font-weight:bold;color:#CC2222;text-decoration:underline;} .message-effect-weak {font-weight:bold;color:#CC2222;} .message-effect-resist {font-weight:bold;color:#6688AA;} .message-effect-immune {font-weight:bold;color:#666666;} .message-learn-list {margin-top:0;margin-bottom:0;} .message-throttle-notice, .message-error {color:#992222;} .message-overflow, .chat small.message-overflow {font-size:0pt;} .message-overflow::before {font-size:9pt;content:'...';} .subtle {color:#3A4A66;}
</style>
<div class="wrapper replay-wrapper" style="max-width:1180px;margin:0 auto">
<input type="hidden" name="replayid" value="gen7randombattle-566945340" />
<div class="battle"></div><div class="battle-log"></div><div class="replay-controls"></div><div class="replay-controls-2"></div>
<h1 style="font-weight:normal;text-align:center"><strong>[Gen 7] Random Battle</strong><br /><a href="http://pokemonshowdown.com/users/gryfenfer" class="subtle" target="_blank">Gryfenfer</a> vs. <a href="http://pokemonshowdown.com/users/stargazer671" class="subtle" target="_blank">Stargazer671</a></h1>
<script type="text/plain" class="battle-log-data">|j|Gryfenfer
|j|Stargazer671
|player|p1|Gryfenfer|238
|player|p2|Stargazer671|290
|gametype|singles
|gen|7
|tier|[Gen 7] Random Battle
|rated
|seed|27227,24990,10260,40545,59820,51794,4601,50013,36722,29151,37995,14103
|rule|Sleep Clause Mod: Limit one foe put to sleep
|rule|HP Percentage Mod: HP is shown in percentages
|
|start
|switch|p1a: Celebi|Celebi, L75|100\/100
|switch|p2a: Illumise|Illumise, L79, F|100\/100
|turn|1
|choice|move nastyplot|move thunderwave
|
|move|p2a: Illumise|Thunder Wave|p1a: Celebi|[miss]
|-miss|p2a: Illumise|p1a: Celebi
|move|p1a: Celebi|Nasty Plot|p1a: Celebi
|-boost|p1a: Celebi|spa|2
|
|upkeep
|turn|2
|choice|move nastyplot|move thunderwave
|
|move|p2a: Illumise|Thunder Wave|p1a: Celebi|[miss]
|-miss|p2a: Illumise|p1a: Celebi
|move|p1a: Celebi|Nasty Plot|p1a: Celebi
|-boost|p1a: Celebi|spa|2
|
|upkeep
|turn|3
|choice|move batonpass|move tailwind
|
|move|p2a: Illumise|Tailwind|p2a: Illumise
|-sidestart|p2: Stargazer671|move: Tailwind
|move|p1a: Celebi|Baton Pass|p1a: Celebi
|choice|switch 2|
|
|switch|p1a: Xerneas|Xerneas, L73|100\/100
|-ability|p1a: Xerneas|Fairy Aura
|
|upkeep
|turn|4
|choice|move geomancy|switch 4
|
|switch|p2a: Ninetales|Ninetales, L79, M|100\/100
|-weather|SunnyDay|[from] ability: Drought|[of] p2a: Ninetales
|move|p1a: Xerneas|Geomancy|p1a: Xerneas|[still]
|-prepare|p1a: Xerneas|Geomancy|p1a: Xerneas
|-enditem|p1a: Xerneas|Power Herb
|-anim|p1a: Xerneas|Geomancy|p1a: Xerneas
|-boost|p1a: Xerneas|spa|2
|-boost|p1a: Xerneas|spd|2
|-boost|p1a: Xerneas|spe|2
|
|-weather|SunnyDay|[upkeep]
|upkeep
|turn|5
|choice|move geomancy|move fireblast
|
|move|p2a: Ninetales|Fire Blast|p1a: Xerneas
|-damage|p1a: Xerneas|75\/100
|move|p1a: Xerneas|Geomancy|p1a: Xerneas|[still]
|-prepare|p1a: Xerneas|Geomancy|p1a: Xerneas
|
|-weather|SunnyDay|[upkeep]
|upkeep
|turn|6
|choice|move geomancy|move fireblast
|
|move|p2a: Ninetales|Fire Blast|p1a: Xerneas
|-damage|p1a: Xerneas|53\/100
|move|p1a: Xerneas|Geomancy|p1a: Xerneas|[from]lockedmove
|-boost|p1a: Xerneas|spa|0
|-boost|p1a: Xerneas|spd|2
|-boost|p1a: Xerneas|spe|2
|
|-weather|SunnyDay|[upkeep]
|-sideend|p2: Stargazer671|move: Tailwind
|upkeep
|turn|7
|-message|Stargazer671 forfeited.
|
|win|Gryfenfer
|l|Stargazer671
|raw|Gryfenfer's rating: 1161 &rarr; <strong>1189<\/strong><br \/>(+28 for winning)
|raw|Stargazer671's rating: 1204 &rarr; <strong>1176<\/strong><br \/>(-28 for losing)</script>
</div>
<div class="battle-log battle-log-inline"><div class="inner"><div class="chat"><small>Gryfenfer joined.</small></div><div class="chat"><small>Stargazer671 joined.</small></div><div style="padding:5px 0"><small>Format:</small> <br><strong>[Gen 7] Random Battle</strong></div><div class="rated"><strong>Rated battle</strong></div><div><small><em>Sleep Clause Mod:</em> Limit one foe put to sleep</small></div><div><small><em>HP Percentage Mod:</em> HP is shown in percentages</small></div><div>Battle between Gryfenfer and Stargazer671 started!</div><div class="spacer"></div><div>Go! Celebi!</div><div class="spacer"></div><div>Stargazer671 sent out Illumise!</div><h2>Turn 1</h2><div class="spacer"></div><div>The opposing <span class="battle-nickname-foe" title="Illumise">Illumise</span> used <strong>Thunder Wave</strong>!</div><div><small><span class="battle-nickname" title="Celebi">Celebi</span> avoided the attack!</small></div><div class="spacer"></div><div><span class="battle-nickname" title="Celebi">Celebi</span> used <strong>Nasty Plot</strong>!</div><div><small><span class="battle-nickname" title="Celebi">Celebi</span>'s Special Attack rose sharply! </small></div><h2>Turn 2</h2><div class="spacer"></div><div>The opposing <span class="battle-nickname-foe" title="Illumise">Illumise</span> used <strong>Thunder Wave</strong>!</div><div><small><span class="battle-nickname" title="Celebi">Celebi</span> avoided the attack!</small></div><div class="spacer"></div><div><span class="battle-nickname" title="Celebi">Celebi</span> used <strong>Nasty Plot</strong>!</div><div><small><span class="battle-nickname" title="Celebi">Celebi</span>'s Special Attack rose sharply! </small></div><h2>Turn 3</h2><div class="spacer"></div><div>The opposing <span class="battle-nickname-foe" title="Illumise">Illumise</span> used <strong>Tailwind</strong>!</div><div><small>The Tailwind blew from behind the opposing team!</small></div><div class="spacer"></div><div><span class="battle-nickname" title="Celebi">Celebi</span> used <strong>Baton Pass</strong>!</div><div class="spacer"></div><div>Go! Xerneas!</div><div><small>[<span class="battle-nickname" title="Xerneas">Xerneas</span>'s Fairy Aura!]</small></div><div><small><span class="battle-nickname" title="Xerneas">Xerneas</span> is radiating a fairy aura!</small></div><h2>Turn 4</h2><div class="spacer"></div><div>Stargazer671 withdrew Illumise!</div><div class="spacer"></div><div>Stargazer671 sent out Ninetales!</div><div><small>[Opposing <span class="battle-nickname-foe" title="Ninetales">Ninetales</span>'s Drought!]</small></div><div><small>The sunlight turned harsh!</small></div><div class="spacer"></div><div><span class="battle-nickname" title="Xerneas">Xerneas</span> used <strong>Geomancy</strong>!</div><div><small><span class="battle-nickname" title="Xerneas">Xerneas</span> is absorbing power!</small></div><div><small><span class="battle-nickname" title="Xerneas">Xerneas</span> became fully charged due to its Power Herb!</small></div><div><small><span class="battle-nickname" title="Xerneas">Xerneas</span>'s Special Attack rose sharply! <span class="battle-nickname" title="Xerneas">Xerneas</span>'s Special Defense rose sharply! <span class="battle-nickname" title="Xerneas">Xerneas</span>'s Speed rose sharply! </small></div><h2>Turn 5</h2><div class="spacer"></div><div>The opposing <span class="battle-nickname-foe" title="Ninetales">Ninetales</span> used <strong>Fire Blast</strong>!</div><div><small><span class="battle-nickname" title="Xerneas">Xerneas</span> lost 25% of its health!</small><br></div><div class="spacer"></div><div><span class="battle-nickname" title="Xerneas">Xerneas</span> used <strong>Geomancy</strong>!</div><div><small><span class="battle-nickname" title="Xerneas">Xerneas</span> is absorbing power!</small></div><h2>Turn 6</h2><div class="spacer"></div><div>The opposing <span class="battle-nickname-foe" title="Ninetales">Ninetales</span> used <strong>Fire Blast</strong>!</div><div><small><span class="battle-nickname" title="Xerneas">Xerneas</span> lost 22% of its health!</small><br></div><div class="spacer"></div><div><span class="battle-nickname" title="Xerneas">Xerneas</span> used <strong>Geomancy</strong>!</div><div><small><span class="battle-nickname" title="Xerneas">Xerneas</span>'s Special Attack won't go any higher! <span class="battle-nickname" title="Xerneas">Xerneas</span>'s Special Defense rose sharply! <span class="battle-nickname" title="Xerneas">Xerneas</span>'s Speed rose sharply! </small></div><div class="spacer"></div><div><small>The opposing team's Tailwind petered out!</small></div><h2>Turn 7</h2><div class="spacer"></div><div><small>Stargazer671 forfeited.</small></div><div class="spacer"></div><div>Gryfenfer won the battle!</div><div class="chat"><small>Stargazer671 left.</small></div><div class="chat">Gryfenfer's rating: 1161 → <strong>1189</strong><br>(+28 for winning)</div><div class="chat">Stargazer671's rating: 1204 → <strong>1176</strong><br>(-28 for losing)</div></div></div>
</div>
<script>
var daily = Math.floor(Date.now()/1000/60/60/24);document.write('<script src="https://play.pokemonshowdown.com/js/replay-embed.js?version'+daily+'"></'+'script>');
</script>
