<!DOCTYPE html>
<meta charset="utf-8" />
<!-- version 1 -->
<title>[Gen 7] Random Battle replay: Jochemdeman vs. lnjkjnkjjkn</title>
<style>
html,body {font-family:Verdana, sans-serif;font-size:10pt;margin:0;padding:0;}body{padding:12px 0;} .battle-log {font-family:Verdana, sans-serif;font-size:10pt;} .battle-log-inline {border:1px solid #AAAAAA;background:#EEF2F5;color:black;max-width:640px;margin:0 auto 80px;padding-bottom:5px;} .battle-log .inner {padding:4px 8px 0px 8px;} .battle-log .inner-preempt {padding:0 8px 4px 8px;} .battle-log .inner-after {margin-top:0.5em;} .battle-log h2 {margin:0.5em -8px;padding:4px 8px;border:1px solid #AAAAAA;background:#E0E7EA;border-left:0;border-right:0;font-family:Verdana, sans-serif;font-size:13pt;} .battle-log .chat {vertical-align:middle;padding:3px 0 3px 0;font-size:8pt;} .battle-log .chat strong {color:#40576A;} .battle-log .chat em {padding:1px 4px 1px 3px;color:#000000;font-style:normal;} .chat.mine {background:rgba(0,0,0,0.05);margin-left:-8px;margin-right:-8px;padding-left:8px;padding-right:8px;} .spoiler {color:#BBBBBB;background:#BBBBBB;padding:0px 3px;} .spoiler:hover, .spoiler:active, .spoiler-shown {color:#000000;background:#E2E2E2;padding:0px 3px;} .spoiler a {color:#BBBBBB;} .spoiler:hover a, .spoiler:active a, .spoiler-shown a {color:#2288CC;} .chat code, .chat .spoiler:hover code, .chat .spoiler:active code, .chat .spoiler-shown code {border:1px solid #C0C0C0;background:#EEEEEE;color:black;padding:0 2px;} .chat .spoiler code {border:1px solid #CCCCCC;background:#CCCCCC;color:#CCCCCC;} .battle-log .rated {padding:3px 4px;} .battle-log .rated strong {color:white;background:#89A;padding:1px 4px;border-radius:4px;} .spacer {margin-top:0.5em;} .message-announce {background:#6688AA;color:white;padding:1px 4px 2px;} .message-announce a, .broadcast-green a, .broadcast-blue a, .broadcast-red a {color:#DDEEFF;} .broadcast-green {background-color:#559955;color:white;padding:2px 4px;} .broadcast-blue {background-color:#6688AA;color:white;padding:2px 4px;} .infobox {border:1px solid #6688AA;padding:2px 4px;} .infobox-limited {max-height:200px;overflow:auto;overflow-x:hidden;} .broadcast-red {background-color:#AA5544;color:white;padding:2px 4px;} .message-learn-canlearn {font-weight:bold;color:#228822;text-decoration:underline;} .message-learn-cannotlearn {font-weight:bold;color:#CC2222;text-decoration:underline;} .message-effect-weak {font-weight:bold;color:#CC2222;} .message-effect-resist {font-weight:bold;color:#6688AA;} .message-effect-immune {font-weight:bold;color:#666666;} .message-learn-list {margin-top:0;margin-bottom:0;} .message-throttle-notice, .message-error {color:#992222;} .message-overflow, .chat small.message-overflow {font-size:0pt;} .message-overflow::before {font-size:9pt;content:'...';} .subtle {color:#3A4A66;}
</style>
<div class="wrapper replay-wrapper" style="max-width:1180px;margin:0 auto">
<input type="hidden" name="replayid" value="gen7randombattle-566871768" />
<div class="battle"></div><div class="battle-log"></div><div class="replay-controls"></div><div class="replay-controls-2"></div>
<h1 style="font-weight:normal;text-align:center"><strong>[Gen 7] Random Battle</strong><br /><a href="http://pokemonshowdown.com/users/jochemdeman" class="subtle" target="_blank">Jochemdeman</a> vs. <a href="http://pokemonshowdown.com/users/lnjkjnkjjkn" class="subtle" target="_blank">lnjkjnkjjkn</a></h1>
<script type="text/plain" class="battle-log-data">|j|Jochemdeman
|j|lnjkjnkjjkn
|player|p1|Jochemdeman|265
|player|p2|lnjkjnkjjkn|169
|gametype|singles
|gen|7
|tier|[Gen 7] Random Battle
|rated
|seed|24374,13840,48085,41924,7276,13609,53406,52041,63297,18571,1845,34472
|rule|Sleep Clause Mod: Limit one foe put to sleep
|rule|HP Percentage Mod: HP is shown in percentages
|
|start
|switch|p1a: Uxie|Uxie, L79|100\/100
|switch|p2a: Seviper|Seviper, L79, F|100\/100
|turn|1
|choice|move stealthrock|move coil
|
|move|p1a: Uxie|Stealth Rock|p2a: Seviper
|-sidestart|p2: lnjkjnkjjkn|move: Stealth Rock
|move|p2a: Seviper|Coil|p2a: Seviper
|-boost|p2a: Seviper|atk|1
|-boost|p2a: Seviper|def|1
|-boost|p2a: Seviper|accuracy|1
|
|upkeep
|turn|2
|choice|move uturn|move coil
|
|move|p1a: Uxie|U-turn|p2a: Seviper
|-resisted|p2a: Seviper
|-damage|p2a: Seviper|94\/100
|choice|switch 3|
|
|switch|p1a: Aggron|Aggron, L75, M|100\/100
|move|p2a: Seviper|Coil|p2a: Seviper
|-boost|p2a: Seviper|atk|1
|-boost|p2a: Seviper|def|1
|-boost|p2a: Seviper|accuracy|1
|
|upkeep
|turn|3
|choice|move heavyslam|move earthquake
|
|move|p2a: Seviper|Earthquake|p1a: Aggron
|-supereffective|p1a: Aggron
|-ability|p1a: Aggron|Sturdy
|-damage|p1a: Aggron|1\/100
|-damage|p2a: Seviper|84\/100|[from] item: Life Orb
|move|p1a: Aggron|Heavy Slam|p2a: Seviper
|-damage|p2a: Seviper|49\/100
|
|upkeep
|turn|4
|choice|move heavyslam mega|move coil
|
|detailschange|p1a: Aggron|Aggron-Mega, L75, M
|-mega|p1a: Aggron|Aggron|Aggronite
|move|p2a: Seviper|Coil|p2a: Seviper
|-boost|p2a: Seviper|atk|1
|-boost|p2a: Seviper|def|1
|-boost|p2a: Seviper|accuracy|1
|move|p1a: Aggron|Heavy Slam|p2a: Seviper
|-damage|p2a: Seviper|19\/100
|
|upkeep
|turn|5
|choice|move roar|move earthquake
|
|move|p2a: Seviper|Earthquake|p1a: Aggron
|-supereffective|p1a: Aggron
|-damage|p1a: Aggron|0 fnt
|-damage|p2a: Seviper|9\/100|[from] item: Life Orb
|faint|p1a: Aggron
|
|upkeep
|inactive|Battle timer is ON: inactive players will automatically lose when time's up. (requested by lnjkjnkjjkn)
|choice|switch 3|
|
|switch|p1a: Uxie|Uxie, L79|100\/100
|turn|6
|choice|move psychic|move suckerpunch
|
|move|p2a: Seviper|Sucker Punch|p1a: Uxie
|-supereffective|p1a: Uxie
|-damage|p1a: Uxie|9\/100
|-damage|p2a: Seviper|0 fnt|[from] item: Life Orb
|faint|p2a: Seviper
|move|p1a: Uxie|Psychic|p2: Seviper|[notarget]
|-notarget
|
|-heal|p1a: Uxie|15\/100|[from] item: Leftovers
|upkeep
|choice||switch 3
|
|switch|p2a: Delcatty|Delcatty, L79, F|100\/100
|-damage|p2a: Delcatty|88\/100|[from] Stealth Rock
|turn|7
|choice|move knockoff|move suckerpunch
|
|move|p2a: Delcatty|Sucker Punch|p1a: Uxie
|-supereffective|p1a: Uxie
|-damage|p1a: Uxie|0 fnt
|faint|p1a: Uxie
|
|-heal|p2a: Delcatty|94\/100|[from] item: Leftovers
|upkeep
|choice|switch 6|
|
|switch|p1a: Lycanroc|Lycanroc, L79, F|100\/100
|turn|8
|choice|move swordsdance|move thunderwave
|
|move|p1a: Lycanroc|Swords Dance|p1a: Lycanroc
|-boost|p1a: Lycanroc|atk|2
|move|p2a: Delcatty|Thunder Wave|p1a: Lycanroc|[miss]
|-miss|p2a: Delcatty|p1a: Lycanroc
|
|-heal|p2a: Delcatty|100\/100|[from] item: Leftovers
|upkeep
|turn|9
|choice|move crunch|move thunderwave
|
|move|p1a: Lycanroc|Crunch|p2a: Delcatty
|-damage|p2a: Delcatty|14\/100
|-damage|p1a: Lycanroc|91\/100|[from] item: Life Orb
|move|p2a: Delcatty|Thunder Wave|p1a: Lycanroc
|-status|p1a: Lycanroc|par
|
|-heal|p2a: Delcatty|20\/100|[from] item: Leftovers
|upkeep
|turn|10
|choice|move accelerock|move doubleedge
|
|cant|p1a: Lycanroc|par
|move|p2a: Delcatty|Double-Edge|p1a: Lycanroc
|-resisted|p1a: Lycanroc
|-damage|p1a: Lycanroc|69\/100 par
|-damage|p2a: Delcatty|13\/100|[from] recoil|[of] p1a: Lycanroc
|
|-heal|p2a: Delcatty|19\/100|[from] item: Leftovers
|upkeep
|turn|11
|choice|move accelerock|move doubleedge
|
|move|p1a: Lycanroc|Accelerock|p2a: Delcatty
|-damage|p2a: Delcatty|0 fnt
|-damage|p1a: Lycanroc|59\/100 par|[from] item: Life Orb
|faint|p2a: Delcatty
|
|upkeep
|choice||switch 4
|
|switch|p2a: Serperior|Serperior, L76, M|100\/100
|-damage|p2a: Serperior|88\/100|[from] Stealth Rock
|turn|12
|choice|move firefang|move leafstorm
|
|move|p2a: Serperior|Leaf Storm|p1a: Lycanroc
|-supereffective|p1a: Lycanroc
|-damage|p1a: Lycanroc|0 fnt
|-boost|p2a: Serperior|spa|2
|faint|p1a: Lycanroc
|
|-heal|p2a: Serperior|94\/100|[from] item: Leftovers
|upkeep
|choice|switch 4|
|
|switch|p1a: Ribombee|Ribombee, L79, M|100\/100
|turn|13
|choice|move bugbuzz|switch 5
|
|switch|p2a: Salazzle|Salazzle, L79, F|100\/100
|-damage|p2a: Salazzle|76\/100|[from] Stealth Rock
|-item|p2a: Salazzle|Air Balloon
|move|p1a: Ribombee|Bug Buzz|p2a: Salazzle
|-resisted|p2a: Salazzle
|-damage|p2a: Salazzle|59\/100
|-enditem|p2a: Salazzle|Air Balloon
|-damage|p1a: Ribombee|91\/100|[from] item: Life Orb
|
|upkeep
|turn|14
|choice|switch 5|move sludgewave
|
|switch|p1a: Giratina|Giratina, L73|100\/100
|-ability|p1a: Giratina|Pressure
|move|p2a: Salazzle|Sludge Wave|p1a: Giratina
|-resisted|p1a: Giratina
|-damage|p1a: Giratina|88\/100
|-status|p1a: Giratina|psn
|
|-heal|p1a: Giratina|94\/100 psn|[from] item: Leftovers
|-damage|p1a: Giratina|81\/100 psn|[from] psn
|upkeep
|turn|15
|choice|move dragonpulse|switch 5
|
|switch|p2a: Serperior|Serperior, L76, M|94\/100
|-damage|p2a: Serperior|82\/100|[from] Stealth Rock
|move|p1a: Giratina|Dragon Pulse|p2a: Serperior
|-damage|p2a: Serperior|52\/100
|
|-heal|p2a: Serperior|57\/100|[from] item: Leftovers
|-heal|p1a: Giratina|88\/100 psn|[from] item: Leftovers
|-damage|p1a: Giratina|75\/100 psn|[from] psn
|upkeep
|turn|16
|choice|move willowisp|move leechseed
|
|move|p2a: Serperior|Leech Seed|p1a: Giratina
|-start|p1a: Giratina|move: Leech Seed
|move|p1a: Giratina|Will-O-Wisp|p2a: Serperior|[miss]
|-miss|p1a: Giratina|p2a: Serperior
|
|-heal|p2a: Serperior|63\/100|[from] item: Leftovers
|-heal|p1a: Giratina|81\/100 psn|[from] item: Leftovers
|-damage|p1a: Giratina|69\/100 psn|[from] Leech Seed|[of] p2a: Serperior
|-heal|p2a: Serperior|81\/100|[silent]
|-damage|p1a: Giratina|57\/100 psn|[from] psn
|upkeep
|turn|17
|choice|move dragontail|move substitute
|
|move|p2a: Serperior|Substitute|p2a: Serperior
|-start|p2a: Serperior|Substitute
|-damage|p2a: Serperior|56\/100
|move|p1a: Giratina|Dragon Tail|p2a: Serperior
|-activate|p2a: Serperior|move: Substitute|[damage]
|
|-heal|p2a: Serperior|62\/100|[from] item: Leftovers
|-heal|p1a: Giratina|63\/100 psn|[from] item: Leftovers
|-damage|p1a: Giratina|50\/100 psn|[from] Leech Seed|[of] p2a: Serperior
|-heal|p2a: Serperior|80\/100|[silent]
|-damage|p1a: Giratina|38\/100 psn|[from] psn
|upkeep
|turn|18
|choice|move dragonpulse|move leafstorm
|
|move|p2a: Serperior|Leaf Storm|p1a: Giratina
|-resisted|p1a: Giratina
|-damage|p1a: Giratina|26\/100 psn
|-boost|p2a: Serperior|spa|2
|move|p1a: Giratina|Dragon Pulse|p2a: Serperior
|-end|p2a: Serperior|Substitute
|
|-heal|p2a: Serperior|85\/100|[from] item: Leftovers
|-heal|p1a: Giratina|32\/100 psn|[from] item: Leftovers
|-damage|p1a: Giratina|20\/100 psn|[from] Leech Seed|[of] p2a: Serperior
|-heal|p2a: Serperior|100\/100|[silent]
|-damage|p1a: Giratina|8\/100 psn|[from] psn
|upkeep
|turn|19
|choice|move shadowball|move substitute
|
|move|p2a: Serperior|Substitute|p2a: Serperior
|-start|p2a: Serperior|Substitute
|-damage|p2a: Serperior|76\/100
|move|p1a: Giratina|Shadow Ball|p2a: Serperior
|-end|p2a: Serperior|Substitute
|
|-heal|p2a: Serperior|82\/100|[from] item: Leftovers
|-heal|p1a: Giratina|14\/100 psn|[from] item: Leftovers
|-damage|p1a: Giratina|1\/100 psn|[from] Leech Seed|[of] p2a: Serperior
|-heal|p2a: Serperior|99\/100|[silent]
|-damage|p1a: Giratina|0 fnt|[from] psn
|upkeep
|faint|p1a: Giratina
|choice|switch 5|
|
|switch|p1a: Ribombee|Ribombee, L79, M|91\/100
|turn|20
|choice|move bugbuzz|move glare
|
|move|p1a: Ribombee|Bug Buzz|p2a: Serperior
|-supereffective|p2a: Serperior
|-damage|p2a: Serperior|11\/100
|-damage|p1a: Ribombee|81\/100|[from] item: Life Orb
|move|p2a: Serperior|Glare|p1a: Ribombee
|-status|p1a: Ribombee|par
|
|-heal|p2a: Serperior|17\/100|[from] item: Leftovers
|upkeep
|turn|21
|choice|move bugbuzz|move leafstorm
|
|move|p2a: Serperior|Leaf Storm|p1a: Ribombee
|-resisted|p1a: Ribombee
|-damage|p1a: Ribombee|30\/100 par
|-boost|p2a: Serperior|spa|2
|cant|p1a: Ribombee|par
|
|-heal|p2a: Serperior|23\/100|[from] item: Leftovers
|upkeep
|turn|22
|choice|move bugbuzz|move leafstorm
|
|move|p2a: Serperior|Leaf Storm|p1a: Ribombee
|-resisted|p1a: Ribombee
|-damage|p1a: Ribombee|0 fnt
|-boost|p2a: Serperior|spa|2
|faint|p1a: Ribombee
|
|-heal|p2a: Serperior|29\/100|[from] item: Leftovers
|upkeep
|choice|switch 2|
|
|switch|p1a: Mr. Mime|Mr. Mime, L75, F|100\/100
|turn|23
|choice|move dazzlinggleam|move leafstorm
|
|move|p2a: Serperior|Leaf Storm|p1a: Mr. Mime
|-damage|p1a: Mr. Mime|0 fnt
|faint|p1a: Mr. Mime
|
|win|lnjkjnkjjkn
|raw|Jochemdeman's rating: 1033 &rarr; <strong>1020<\/strong><br \/>(-13 for losing)
|raw|lnjkjnkjjkn's rating: 1070 &rarr; <strong>1096<\/strong><br \/>(+26 for winning)
|l|Jochemdeman
|c|☆lnjkjnkjjkn|last parasect and oroc
|c|☆lnjkjnkjjkn|aka ghost bird</script>
</div>
<div class="battle-log battle-log-inline"><div class="inner"><div class="chat"><small>Jochemdeman joined.</small></div><div class="chat"><small>lnjkjnkjjkn joined.</small></div><div style="padding:5px 0"><small>Format:</small> <br><strong>[Gen 7] Random Battle</strong></div><div class="rated"><strong>Rated battle</strong></div><div><small><em>Sleep Clause Mod:</em> Limit one foe put to sleep</small></div><div><small><em>HP Percentage Mod:</em> HP is shown in percentages</small></div><div>Battle between Jochemdeman and lnjkjnkjjkn started!</div><div class="spacer"></div><div>Go! Uxie!</div><div class="spacer"></div><div>lnjkjnkjjkn sent out Seviper!</div><h2>Turn 1</h2><div class="spacer"></div><div><span class="battle-nickname" title="Uxie">Uxie</span> used <strong>Stealth Rock</strong>!</div><div><small>Pointed stones float in the air around the opposing team!</small></div><div class="spacer"></div><div>The opposing <span class="battle-nickname-foe" title="Seviper">Seviper</span> used <strong>Coil</strong>!</div><div><small>The opposing <span class="battle-nickname-foe" title="Seviper">Seviper</span>'s Attack rose! The opposing <span class="battle-nickname-foe" title="Seviper">Seviper</span>'s Defense rose! The opposing <span class="battle-nickname-foe" title="Seviper">Seviper</span>'s accuracy rose! </small></div><h2>Turn 2</h2><div class="spacer"></div><div><span class="battle-nickname" title="Uxie">Uxie</span> used <strong>U-turn</strong>!</div><div><small>It's not very effective... </small><small>The opposing <span class="battle-nickname-foe" title="Seviper">Seviper</span> lost 6% of its health!</small><br></div><div class="spacer"></div><div><span class="battle-nickname" title="Uxie">Uxie</span> went back to Jochemdeman!</div><div class="spacer"></div><div>Go! Aggron!</div><div class="spacer"></div><div>The opposing <span class="battle-nickname-foe" title="Seviper">Seviper</span> used <strong>Coil</strong>!</div><div><small>The opposing <span class="battle-nickname-foe" title="Seviper">Seviper</span>'s Attack rose! The opposing <span class="battle-nickname-foe" title="Seviper">Seviper</span>'s Defense rose! The opposing <span class="battle-nickname-foe" title="Seviper">Seviper</span>'s accuracy rose! </small></div><h2>Turn 3</h2><div class="spacer"></div><div>The opposing <span class="battle-nickname-foe" title="Seviper">Seviper</span> used <strong>Earthquake</strong>!</div><div><small>[<span class="battle-nickname" title="Aggron">Aggron</span>'s Sturdy!]</small></div><div><small>It's super effective! <span class="battle-nickname" title="Aggron">Aggron</span> endured the hit!</small></div><div><small><span class="battle-nickname" title="Aggron">Aggron</span> lost 99% of its health!</small><br></div><div><small>The opposing <span class="battle-nickname-foe" title="Seviper">Seviper</span> lost some of its HP!</small></div><div class="spacer"></div><div><span class="battle-nickname" title="Aggron">Aggron</span> used <strong>Heavy Slam</strong>!</div><div><small>The opposing <span class="battle-nickname-foe" title="Seviper">Seviper</span> lost 35% of its health!</small><br></div><h2>Turn 4</h2><div class="spacer"></div><div><small><span class="battle-nickname" title="Aggron-Mega">Aggron</span>'s Aggronite is reacting to Jochemdeman's Mega Bracelet!<br><span class="battle-nickname" title="Aggron-Mega">Aggron</span> has Mega Evolved into Mega Aggron!</small></div><div class="spacer"></div><div>The opposing <span class="battle-nickname-foe" title="Seviper">Seviper</span> used <strong>Coil</strong>!</div><div><small>The opposing <span class="battle-nickname-foe" title="Seviper">Seviper</span>'s Attack rose! The opposing <span class="battle-nickname-foe" title="Seviper">Seviper</span>'s Defense rose! The opposing <span class="battle-nickname-foe" title="Seviper">Seviper</span>'s accuracy rose! </small></div><div class="spacer"></div><div><span class="battle-nickname" title="Aggron-Mega">Aggron</span> used <strong>Heavy Slam</strong>!</div><div><small>The opposing <span class="battle-nickname-foe" title="Seviper">Seviper</span> lost 30% of its health!</small><br></div><h2>Turn 5</h2><div class="spacer"></div><div>The opposing <span class="battle-nickname-foe" title="Seviper">Seviper</span> used <strong>Earthquake</strong>!</div><div><small>It's super effective! </small><small><span class="battle-nickname" title="Aggron-Mega">Aggron</span> lost 1% of its health!</small><br></div><div><small>The opposing <span class="battle-nickname-foe" title="Seviper">Seviper</span> lost some of its HP!</small></div><div class="spacer"></div><div><span class="battle-nickname" title="Aggron-Mega">Aggron</span> fainted!</div><div class="chat message-error">Battle timer is ON: inactive players will automatically lose when time's up. (requested by lnjkjnkjjkn)</div><div class="spacer"></div><div>Go! Uxie!</div><h2>Turn 6</h2><div class="spacer"></div><div>The opposing <span class="battle-nickname-foe" title="Seviper">Seviper</span> used <strong>Sucker Punch</strong>!</div><div><small>It's super effective! </small><small><span class="battle-nickname" title="Uxie">Uxie</span> lost 91% of its health!</small><br></div><div><small>The opposing <span class="battle-nickname-foe" title="Seviper">Seviper</span> lost some of its HP!</small></div><div class="spacer"></div><div>The opposing <span class="battle-nickname-foe" title="Seviper">Seviper</span> fainted!</div><div class="spacer"></div><div><span class="battle-nickname" title="Uxie">Uxie</span> used <strong>Psychic</strong>!</div><div><small>But it failed!</small></div><div class="spacer"></div><div><small><span class="battle-nickname" title="Uxie">Uxie</span> restored a little HP using its Leftovers!</small></div><div class="spacer"></div><div>lnjkjnkjjkn sent out Delcatty!</div><div><small>Pointed stones dug into the opposing <span class="battle-nickname-foe" title="Delcatty">Delcatty</span>!</small></div><h2>Turn 7</h2><div class="spacer"></div><div>The opposing <span class="battle-nickname-foe" title="Delcatty">Delcatty</span> used <strong>Sucker Punch</strong>!</div><div><small>It's super effective! </small><small><span class="battle-nickname" title="Uxie">Uxie</span> lost 15% of its health!</small><br></div><div class="spacer"></div><div><span class="battle-nickname" title="Uxie">Uxie</span> fainted!</div><div class="spacer"></div><div><small>The opposing <span class="battle-nickname-foe" title="Delcatty">Delcatty</span> restored a little HP using its Leftovers!</small></div><div class="spacer"></div><div>Go! Lycanroc!</div><h2>Turn 8</h2><div class="spacer"></div><div><span class="battle-nickname" title="Lycanroc">Lycanroc</span> used <strong>Swords Dance</strong>!</div><div><small><span class="battle-nickname" title="Lycanroc">Lycanroc</span>'s Attack rose sharply! </small></div><div class="spacer"></div><div>The opposing <span class="battle-nickname-foe" title="Delcatty">Delcatty</span> used <strong>Thunder Wave</strong>!</div><div><small><span class="battle-nickname" title="Lycanroc">Lycanroc</span> avoided the attack!</small></div><div class="spacer"></div><div><small>The opposing <span class="battle-nickname-foe" title="Delcatty">Delcatty</span> restored a little HP using its Leftovers!</small></div><h2>Turn 9</h2><div class="spacer"></div><div><span class="battle-nickname" title="Lycanroc">Lycanroc</span> used <strong>Crunch</strong>!</div><div><small>The opposing <span class="battle-nickname-foe" title="Delcatty">Delcatty</span> lost 86% of its health!</small><br></div><div><small><span class="battle-nickname" title="Lycanroc">Lycanroc</span> lost some of its HP!</small></div><div class="spacer"></div><div>The opposing <span class="battle-nickname-foe" title="Delcatty">Delcatty</span> used <strong>Thunder Wave</strong>!</div><div><small><span class="battle-nickname" title="Lycanroc">Lycanroc</span> is paralyzed! It may be unable to move!</small></div><div class="spacer"></div><div><small>The opposing <span class="battle-nickname-foe" title="Delcatty">Delcatty</span> restored a little HP using its Leftovers!</small></div><h2>Turn 10</h2><div class="spacer"></div><div><span class="battle-nickname" title="Lycanroc">Lycanroc</span> is paralyzed! It can't move!</div><div class="spacer"></div><div>The opposing <span class="battle-nickname-foe" title="Delcatty">Delcatty</span> used <strong>Double-Edge</strong>!</div><div><small>It's not very effective... </small><small><span class="battle-nickname" title="Lycanroc">Lycanroc</span> lost 22% of its health!</small><br></div><div><small>The opposing <span class="battle-nickname-foe" title="Delcatty">Delcatty</span> is damaged by the recoil!</small></div><div class="spacer"></div><div><small>The opposing <span class="battle-nickname-foe" title="Delcatty">Delcatty</span> restored a little HP using its Leftovers!</small></div><h2>Turn 11</h2><div class="spacer"></div><div><span class="battle-nickname" title="Lycanroc">Lycanroc</span> used <strong>Accelerock</strong>!</div><div><small>The opposing <span class="battle-nickname-foe" title="Delcatty">Delcatty</span> lost 19% of its health!</small><br></div><div><small><span class="battle-nickname" title="Lycanroc">Lycanroc</span> lost some of its HP!</small></div><div class="spacer"></div><div>The opposing <span class="battle-nickname-foe" title="Delcatty">Delcatty</span> fainted!</div><div class="spacer"></div><div>lnjkjnkjjkn sent out Serperior!</div><div><small>Pointed stones dug into the opposing <span class="battle-nickname-foe" title="Serperior">Serperior</span>!</small></div><h2>Turn 12</h2><div class="spacer"></div><div>The opposing <span class="battle-nickname-foe" title="Serperior">Serperior</span> used <strong>Leaf Storm</strong>!</div><div><small>It's super effective! </small><small><span class="battle-nickname" title="Lycanroc">Lycanroc</span> lost 59% of its health!</small><br></div><div><small>The opposing <span class="battle-nickname-foe" title="Serperior">Serperior</span>'s Special Attack rose sharply! </small></div><div class="spacer"></div><div><span class="battle-nickname" title="Lycanroc">Lycanroc</span> fainted!</div><div class="spacer"></div><div><small>The opposing <span class="battle-nickname-foe" title="Serperior">Serperior</span> restored a little HP using its Leftovers!</small></div><div class="spacer"></div><div>Go! Ribombee!</div><h2>Turn 13</h2><div class="spacer"></div><div>lnjkjnkjjkn withdrew Serperior!</div><div class="spacer"></div><div>lnjkjnkjjkn sent out Salazzle!</div><div><small>Pointed stones dug into the opposing <span class="battle-nickname-foe" title="Salazzle">Salazzle</span>!</small></div><div><small>The opposing <span class="battle-nickname-foe" title="Salazzle">Salazzle</span> floats in the air with its Air Balloon!</small></div><div class="spacer"></div><div><span class="battle-nickname" title="Ribombee">Ribombee</span> used <strong>Bug Buzz</strong>!</div><div><small>It's not very effective... </small><small>The opposing <span class="battle-nickname-foe" title="Salazzle">Salazzle</span> lost 17% of its health!</small><br></div><div><small>The opposing <span class="battle-nickname-foe" title="Salazzle">Salazzle</span>'s Air Balloon popped!</small></div><div><small><span class="battle-nickname" title="Ribombee">Ribombee</span> lost some of its HP!</small></div><h2>Turn 14</h2><div class="spacer"></div><div><span class="battle-nickname" title="Ribombee">Ribombee</span>, come back!</div><div class="spacer"></div><div>Go! Giratina!</div><div><small>[<span class="battle-nickname" title="Giratina">Giratina</span>'s Pressure!]</small></div><div><small><span class="battle-nickname" title="Giratina">Giratina</span> is exerting its pressure!</small></div><div class="spacer"></div><div>The opposing <span class="battle-nickname-foe" title="Salazzle">Salazzle</span> used <strong>Sludge Wave</strong>!</div><div><small>It's not very effective... </small><small><span class="battle-nickname" title="Giratina">Giratina</span> lost 12% of its health!</small><br></div><div><small><span class="battle-nickname" title="Giratina">Giratina</span> was poisoned!</small></div><div class="spacer"></div><div><small><span class="battle-nickname" title="Giratina">Giratina</span> restored a little HP using its Leftovers!</small></div><div><small><span class="battle-nickname" title="Giratina">Giratina</span> was hurt by poison!</small></div><h2>Turn 15</h2><div class="spacer"></div><div>lnjkjnkjjkn withdrew Salazzle!</div><div class="spacer"></div><div>lnjkjnkjjkn sent out Serperior!</div><div><small>Pointed stones dug into the opposing <span class="battle-nickname-foe" title="Serperior">Serperior</span>!</small></div><div class="spacer"></div><div><span class="battle-nickname" title="Giratina">Giratina</span> used <strong>Dragon Pulse</strong>!</div><div><small>The opposing <span class="battle-nickname-foe" title="Serperior">Serperior</span> lost 30% of its health!</small><br></div><div class="spacer"></div><div><small>The opposing <span class="battle-nickname-foe" title="Serperior">Serperior</span> restored a little HP using its Leftovers!</small></div><div><small><span class="battle-nickname" title="Giratina">Giratina</span> restored a little HP using its Leftovers!</small></div><div><small><span class="battle-nickname" title="Giratina">Giratina</span> was hurt by poison!</small></div><h2>Turn 16</h2><div class="spacer"></div><div>The opposing <span class="battle-nickname-foe" title="Serperior">Serperior</span> used <strong>Leech Seed</strong>!</div><div><small><span class="battle-nickname" title="Giratina">Giratina</span> was seeded!</small></div><div class="spacer"></div><div><span class="battle-nickname" title="Giratina">Giratina</span> used <strong>Will-O-Wisp</strong>!</div><div><small>The opposing <span class="battle-nickname-foe" title="Serperior">Serperior</span> avoided the attack!</small></div><div class="spacer"></div><div><small>The opposing <span class="battle-nickname-foe" title="Serperior">Serperior</span> restored a little HP using its Leftovers!</small></div><div><small><span class="battle-nickname" title="Giratina">Giratina</span> restored a little HP using its Leftovers!</small></div><div><small><span class="battle-nickname" title="Giratina">Giratina</span>'s health is sapped by Leech Seed!</small></div><div><small><span class="battle-nickname" title="Giratina">Giratina</span> was hurt by poison!</small></div><h2>Turn 17</h2><div class="spacer"></div><div>The opposing <span class="battle-nickname-foe" title="Serperior">Serperior</span> used <strong>Substitute</strong>!</div><div><small>The opposing <span class="battle-nickname-foe" title="Serperior">Serperior</span> put in a substitute!</small></div><div><small>The opposing <span class="battle-nickname-foe" title="Serperior">Serperior</span> lost 25% of its health!</small><br></div><div class="spacer"></div><div><span class="battle-nickname" title="Giratina">Giratina</span> used <strong>Dragon Tail</strong>!</div><div><small>The substitute took damage for the opposing <span class="battle-nickname-foe" title="Serperior">Serperior</span>!</small></div><div class="spacer"></div><div><small>The opposing <span class="battle-nickname-foe" title="Serperior">Serperior</span> restored a little HP using its Leftovers!</small></div><div><small><span class="battle-nickname" title="Giratina">Giratina</span> restored a little HP using its Leftovers!</small></div><div><small><span class="battle-nickname" title="Giratina">Giratina</span>'s health is sapped by Leech Seed!</small></div><div><small><span class="battle-nickname" title="Giratina">Giratina</span> was hurt by poison!</small></div><h2>Turn 18</h2><div class="spacer"></div><div>The opposing <span class="battle-nickname-foe" title="Serperior">Serperior</span> used <strong>Leaf Storm</strong>!</div><div><small>It's not very effective... </small><small><span class="battle-nickname" title="Giratina">Giratina</span> lost 12% of its health!</small><br></div><div><small>The opposing <span class="battle-nickname-foe" title="Serperior">Serperior</span>'s Special Attack rose sharply! </small></div><div class="spacer"></div><div><span class="battle-nickname" title="Giratina">Giratina</span> used <strong>Dragon Pulse</strong>!</div><div><small>The opposing <span class="battle-nickname-foe" title="Serperior">Serperior</span>'s substitute faded!</small></div><div class="spacer"></div><div><small>The opposing <span class="battle-nickname-foe" title="Serperior">Serperior</span> restored a little HP using its Leftovers!</small></div><div><small><span class="battle-nickname" title="Giratina">Giratina</span> restored a little HP using its Leftovers!</small></div><div><small><span class="battle-nickname" title="Giratina">Giratina</span>'s health is sapped by Leech Seed!</small></div><div><small><span class="battle-nickname" title="Giratina">Giratina</span> was hurt by poison!</small></div><h2>Turn 19</h2><div class="spacer"></div><div>The opposing <span class="battle-nickname-foe" title="Serperior">Serperior</span> used <strong>Substitute</strong>!</div><div><small>The opposing <span class="battle-nickname-foe" title="Serperior">Serperior</span> put in a substitute!</small></div><div><small>The opposing <span class="battle-nickname-foe" title="Serperior">Serperior</span> lost 24% of its health!</small><br></div><div class="spacer"></div><div><span class="battle-nickname" title="Giratina">Giratina</span> used <strong>Shadow Ball</strong>!</div><div><small>The opposing <span class="battle-nickname-foe" title="Serperior">Serperior</span>'s substitute faded!</small></div><div class="spacer"></div><div><small>The opposing <span class="battle-nickname-foe" title="Serperior">Serperior</span> restored a little HP using its Leftovers!</small></div><div><small><span class="battle-nickname" title="Giratina">Giratina</span> restored a little HP using its Leftovers!</small></div><div><small><span class="battle-nickname" title="Giratina">Giratina</span>'s health is sapped by Leech Seed!</small></div><div><small><span class="battle-nickname" title="Giratina">Giratina</span> was hurt by poison!</small></div><div class="spacer"></div><div><span class="battle-nickname" title="Giratina">Giratina</span> fainted!</div><div class="spacer"></div><div>Go! Ribombee!</div><h2>Turn 20</h2><div class="spacer"></div><div><span class="battle-nickname" title="Ribombee">Ribombee</span> used <strong>Bug Buzz</strong>!</div><div><small>It's super effective! </small><small>The opposing <span class="battle-nickname-foe" title="Serperior">Serperior</span> lost 88% of its health!</small><br></div><div><small><span class="battle-nickname" title="Ribombee">Ribombee</span> lost some of its HP!</small></div><div class="spacer"></div><div>The opposing <span class="battle-nickname-foe" title="Serperior">Serperior</span> used <strong>Glare</strong>!</div><div><small><span class="battle-nickname" title="Ribombee">Ribombee</span> is paralyzed! It may be unable to move!</small></div><div class="spacer"></div><div><small>The opposing <span class="battle-nickname-foe" title="Serperior">Serperior</span> restored a little HP using its Leftovers!</small></div><h2>Turn 21</h2><div class="spacer"></div><div>The opposing <span class="battle-nickname-foe" title="Serperior">Serperior</span> used <strong>Leaf Storm</strong>!</div><div><small>It's not very effective... </small><small><span class="battle-nickname" title="Ribombee">Ribombee</span> lost 51% of its health!</small><br></div><div><small>The opposing <span class="battle-nickname-foe" title="Serperior">Serperior</span>'s Special Attack rose sharply! </small></div><div class="spacer"></div><div><span class="battle-nickname" title="Ribombee">Ribombee</span> is paralyzed! It can't move!</div><div class="spacer"></div><div><small>The opposing <span class="battle-nickname-foe" title="Serperior">Serperior</span> restored a little HP using its Leftovers!</small></div><h2>Turn 22</h2><div class="spacer"></div><div>The opposing <span class="battle-nickname-foe" title="Serperior">Serperior</span> used <strong>Leaf Storm</strong>!</div><div><small>It's not very effective... </small><small><span class="battle-nickname" title="Ribombee">Ribombee</span> lost 30% of its health!</small><br></div><div><small>The opposing <span class="battle-nickname-foe" title="Serperior">Serperior</span>'s Special Attack rose sharply! </small></div><div class="spacer"></div><div><span class="battle-nickname" title="Ribombee">Ribombee</span> fainted!</div><div class="spacer"></div><div><small>The opposing <span class="battle-nickname-foe" title="Serperior">Serperior</span> restored a little HP using its Leftovers!</small></div><div class="spacer"></div><div>Go! Mr. Mime!</div><h2>Turn 23</h2><div class="spacer"></div><div>The opposing <span class="battle-nickname-foe" title="Serperior">Serperior</span> used <strong>Leaf Storm</strong>!</div><div><small><span class="battle-nickname" title="Mr. Mime">Mr. Mime</span> lost 100% of its health!</small><br></div><div class="spacer"></div><div><span class="battle-nickname" title="Mr. Mime">Mr. Mime</span> fainted!</div><div class="spacer"></div><div>lnjkjnkjjkn won the battle!</div><div class="chat">Jochemdeman's rating: 1033 → <strong>1020</strong><br>(-13 for losing)</div><div class="chat">lnjkjnkjjkn's rating: 1070 → <strong>1096</strong><br>(+26 for winning)</div><div class="chat"><small>Jochemdeman left.</small></div><div class="chat chatmessage-lnjkjnkjjkn"><strong style="color:hsl(136,43%,45%);"><small>☆</small><span class="username" data-name="lnjkjnkjjkn">lnjkjnkjjkn</span>:</strong> <em>last parasect and oroc</em></div><div class="chat chatmessage-lnjkjnkjjkn"><strong style="color:hsl(136,43%,45%);"><small>☆</small><span class="username" data-name="lnjkjnkjjkn">lnjkjnkjjkn</span>:</strong> <em>aka ghost bird</em></div></div></div>
</div>
<script>
var daily = Math.floor(Date.now()/1000/60/60/24);document.write('<script src="https://play.pokemonshowdown.com/js/replay-embed.js?version'+daily+'"></'+'script>');
</script>
