<!DOCTYPE html>
<meta charset="utf-8" />
<!-- version 1 -->
<title>[Gen 7] Random Battle replay: Maclain vs. B4ssSlut</title>
<style>
html,body {font-family:Verdana, sans-serif;font-size:10pt;margin:0;padding:0;}body{padding:12px 0;} .battle-log {font-family:Verdana, sans-serif;font-size:10pt;} .battle-log-inline {border:1px solid #AAAAAA;background:#EEF2F5;color:black;max-width:640px;margin:0 auto 80px;padding-bottom:5px;} .battle-log .inner {padding:4px 8px 0px 8px;} .battle-log .inner-preempt {padding:0 8px 4px 8px;} .battle-log .inner-after {margin-top:0.5em;} .battle-log h2 {margin:0.5em -8px;padding:4px 8px;border:1px solid #AAAAAA;background:#E0E7EA;border-left:0;border-right:0;font-family:Verdana, sans-serif;font-size:13pt;} .battle-log .chat {vertical-align:middle;padding:3px 0 3px 0;font-size:8pt;} .battle-log .chat strong {color:#40576A;} .battle-log .chat em {padding:1px 4px 1px 3px;color:#000000;font-style:normal;} .chat.mine {background:rgba(0,0,0,0.05);margin-left:-8px;margin-right:-8px;padding-left:8px;padding-right:8px;} .spoiler {color:#BBBBBB;background:#BBBBBB;padding:0px 3px;} .spoiler:hover, .spoiler:active, .spoiler-shown {color:#000000;background:#E2E2E2;padding:0px 3px;} .spoiler a {color:#BBBBBB;} .spoiler:hover a, .spoiler:active a, .spoiler-shown a {color:#2288CC;} .chat code, .chat .spoiler:hover code, .chat .spoiler:active code, .chat .spoiler-shown code {border:1px solid #C0C0C0;background:#EEEEEE;color:black;padding:0 2px;} .chat .spoiler code {border:1px solid #CCCCCC;background:#CCCCCC;color:#CCCCCC;} .battle-log .rated {padding:3px 4px;} .battle-log .rated strong {color:white;background:#89A;padding:1px 4px;border-radius:4px;} .spacer {margin-top:0.5em;} .message-announce {background:#6688AA;color:white;padding:1px 4px 2px;} .message-announce a, .broadcast-green a, .broadcast-blue a, .broadcast-red a {color:#DDEEFF;} .broadcast-green {background-color:#559955;color:white;padding:2px 4px;} .broadcast-blue {background-color:#6688AA;color:white;padding:2px 4px;} .infobox {border:1px solid #6688AA;padding:2px 4px;} .infobox-limited {max-height:200px;overflow:auto;overflow-x:hidden;} .broadcast-red {background-color:#AA5544;color:white;padding:2px 4px;} .message-learn-canlearn {font-weight:bold;color:#228822;text-decoration:underline;} .message-learn-cannotlearn {font-weight:bold;color:#CC2222;text-decoration:underline;} .message-effect-weak {font-weight:bold;color:#CC2222;} .message-effect-resist {font-weight:bold;color:#6688AA;} .message-effect-immune {font-weight:bold;color:#666666;} .message-learn-list {margin-top:0;margin-bottom:0;} .message-throttle-notice, .message-error {color:#992222;} .message-overflow, .chat small.message-overflow {font-size:0pt;} .message-overflow::before {font-size:9pt;content:'...';} .subtle {color:#3A4A66;}
</style>
<div class="wrapper replay-wrapper" style="max-width:1180px;margin:0 auto">
<input type="hidden" name="replayid" value="gen7randombattle-566912302" />
<div class="battle"></div><div class="battle-log"></div><div class="replay-controls"></div><div class="replay-controls-2"></div>
<h1 style="font-weight:normal;text-align:center"><strong>[Gen 7] Random Battle</strong><br /><a href="http://pokemonshowdown.com/users/maclain" class="subtle" target="_blank">Maclain</a> vs. <a href="http://pokemonshowdown.com/users/b4ssslut" class="subtle" target="_blank">B4ssSlut</a></h1>
<script type="text/plain" class="battle-log-data">|J|Maclain
|j|B4ssSlut
|player|p1|Maclain|219
|player|p2|B4ssSlut|183
|gametype|singles
|gen|7
|tier|[Gen 7] Random Battle
|seed|10227,64162,57762,2532,19802,28604,44663,50402,36620,59861,19170,56733
|rule|Sleep Clause Mod: Limit one foe put to sleep
|rule|HP Percentage Mod: HP is shown in percentages
|
|start
|switch|p1a: Seviper|Seviper, L79, F|100\/100
|switch|p2a: Registeel|Registeel, L79|100\/100
|turn|1
|choice|move earthquake|move stealthrock
|
|move|p1a: Seviper|Earthquake|p2a: Registeel
|-supereffective|p2a: Registeel
|-damage|p2a: Registeel|58\/100
|move|p2a: Registeel|Stealth Rock|p1a: Seviper
|-sidestart|p1: Maclain|move: Stealth Rock
|
|-heal|p2a: Registeel|64\/100|[from] item: Leftovers
|upkeep
|turn|2
|choice|move earthquake|move thunderwave
|
|move|p1a: Seviper|Earthquake|p2a: Registeel
|-supereffective|p2a: Registeel
|-damage|p2a: Registeel|24\/100
|move|p2a: Registeel|Thunder Wave|p1a: Seviper|[miss]
|-miss|p2a: Registeel|p1a: Seviper
|
|-heal|p2a: Registeel|31\/100|[from] item: Leftovers
|upkeep
|turn|3
|choice|move earthquake|move protect
|
|move|p2a: Registeel|Protect|p2a: Registeel
|-singleturn|p2a: Registeel|Protect
|move|p1a: Seviper|Earthquake|p2a: Registeel
|-activate|p2a: Registeel|move: Protect
|
|-heal|p2a: Registeel|37\/100|[from] item: Leftovers
|upkeep
|turn|4
|choice|move earthquake|switch 5
|
|switch|p2a: Unfezant|Unfezant, L79, F|100\/100
|move|p1a: Seviper|Earthquake|p2a: Unfezant
|-immune|p2a: Unfezant|[msg]
|
|upkeep
|turn|5
|choice|move sludgewave|move tailwind
|
|move|p2a: Unfezant|Tailwind|p2a: Unfezant
|-sidestart|p2: B4ssSlut|move: Tailwind
|move|p1a: Seviper|Sludge Wave|p2a: Unfezant
|-damage|p2a: Unfezant|45\/100
|
|upkeep
|turn|6
|choice|move sludgewave|move nightslash
|
|move|p2a: Unfezant|Night Slash|p1a: Seviper
|-crit|p1a: Seviper
|-damage|p1a: Seviper|59\/100
|move|p1a: Seviper|Sludge Wave|p2a: Unfezant
|-damage|p2a: Unfezant|0 fnt
|faint|p2a: Unfezant
|
|upkeep
|choice||switch 6
|
|switch|p2a: Chansey|Chansey, L75, F|100\/100
|turn|7
|choice|move gigadrain|move toxic
|
|move|p2a: Chansey|Toxic|p1a: Seviper
|-immune|p1a: Seviper|[msg]
|move|p1a: Seviper|Giga Drain|p2a: Chansey
|-damage|p2a: Chansey|94\/100
|-heal|p1a: Seviper|65\/100|[from] drain|[of] p2a: Chansey
|
|upkeep
|turn|8
|choice|move sludgewave|move wish
|
|move|p2a: Chansey|Wish|p2a: Chansey
|move|p1a: Seviper|Sludge Wave|p2a: Chansey
|-damage|p2a: Chansey|82\/100
|
|-sideend|p2: B4ssSlut|move: Tailwind
|upkeep
|turn|9
|choice|move earthquake|switch 5
|
|switch|p2a: Registeel|Registeel, L79|37\/100
|move|p1a: Seviper|Earthquake|p2a: Registeel
|-supereffective|p2a: Registeel
|-damage|p2a: Registeel|0 fnt
|faint|p2a: Registeel
|
|upkeep
|choice||switch 3
|
|switch|p2a: Mightyena|Mightyena, L79, F|100\/100
|turn|10
|choice|move darkpulse|move suckerpunch
|
|move|p2a: Mightyena|Sucker Punch|p1a: Seviper
|-damage|p1a: Seviper|26\/100
|move|p1a: Seviper|Dark Pulse|p2a: Mightyena
|-resisted|p2a: Mightyena
|-crit|p2a: Mightyena
|-damage|p2a: Mightyena|78\/100
|
|upkeep
|turn|11
|choice|move sludgewave|move suckerpunch
|
|move|p2a: Mightyena|Sucker Punch|p1a: Seviper
|-damage|p1a: Seviper|0 fnt
|faint|p1a: Seviper
|-ability|p2a: Mightyena|Moxie|boost
|-boost|p2a: Mightyena|atk|1
|
|upkeep
|choice|switch 4|
|
|switch|p1a: Jynx|Jynx, L79, F|100\/100
|-damage|p1a: Jynx|76\/100|[from] Stealth Rock
|turn|12
|choice|move psyshock|move suckerpunch
|
|move|p2a: Mightyena|Sucker Punch|p1a: Jynx
|-supereffective|p1a: Jynx
|-damage|p1a: Jynx|0 fnt
|faint|p1a: Jynx
|-ability|p2a: Mightyena|Moxie|boost
|-boost|p2a: Mightyena|atk|1
|
|upkeep
|choice|switch 6|
|
|switch|p1a: Absol|Absol, L77, F|100\/100
|-damage|p1a: Absol|88\/100|[from] Stealth Rock
|turn|13
|choice|move playrough mega|move playrough
|
|detailschange|p1a: Absol|Absol-Mega, L77, F
|-mega|p1a: Absol|Absol|Absolite
|move|p1a: Absol|Play Rough|p2a: Mightyena
|-supereffective|p2a: Mightyena
|-damage|p2a: Mightyena|1\/100
|move|p2a: Mightyena|Play Rough|p1a: Absol
|-supereffective|p1a: Absol
|-crit|p1a: Absol
|-damage|p1a: Absol|0 fnt
|faint|p1a: Absol
|-ability|p2a: Mightyena|Moxie|boost
|-boost|p2a: Mightyena|atk|1
|
|upkeep
|c|☆B4ssSlut|LOL
|c|☆B4ssSlut|1 HEALTH HERO
|choice|switch 2|
|
|switch|p1a: Keldeo|Keldeo, L77|100\/100
|-damage|p1a: Keldeo|95\/100|[from] Stealth Rock
|turn|14
|choice|move hiddenpower|move suckerpunch
|
|move|p2a: Mightyena|Sucker Punch|p1a: Keldeo
|-resisted|p1a: Keldeo
|-crit|p1a: Keldeo
|-damage|p1a: Keldeo|50\/100
|-ability|p1a: Keldeo|Justified|boost
|-boost|p1a: Keldeo|atk|1
|move|p1a: Keldeo|Hidden Power|p2a: Mightyena
|-damage|p2a: Mightyena|0 fnt
|-damage|p1a: Keldeo|40\/100|[from] item: Life Orb
|faint|p2a: Mightyena
|
|upkeep
|choice||switch 5
|
|switch|p2a: Chansey|Chansey, L75, F|82\/100
|turn|15
|choice|move secretsword|move wish
|
|move|p1a: Keldeo|Secret Sword|p2a: Chansey
|-supereffective|p2a: Chansey
|-damage|p2a: Chansey|0 fnt
|-damage|p1a: Keldeo|30\/100|[from] item: Life Orb
|faint|p2a: Chansey
|
|upkeep
|choice||switch 2
|
|switch|p2a: Marowak|Marowak-Alola, L75, F|100\/100
|turn|16
|choice|move scald|move shadowbone
|
|move|p1a: Keldeo|Scald|p2a: Marowak
|-supereffective|p2a: Marowak
|-damage|p2a: Marowak|0 fnt
|-damage|p1a: Keldeo|20\/100|[from] item: Life Orb
|faint|p2a: Marowak
|
|upkeep
|choice||switch 4
|
|switch|p2a: Rotom|Rotom-Heat, L79|100\/100
|turn|17
|choice|move secretsword|move thunderbolt
|
|move|p1a: Keldeo|Secret Sword|p2a: Rotom
|-damage|p2a: Rotom|46\/100
|-damage|p1a: Keldeo|11\/100|[from] item: Life Orb
|move|p2a: Rotom|Thunderbolt|p1a: Keldeo
|-supereffective|p1a: Keldeo
|-damage|p1a: Keldeo|0 fnt
|-damage|p2a: Rotom|36\/100|[from] item: Life Orb
|faint|p1a: Keldeo
|
|upkeep
|choice|switch 3|
|
|switch|p1a: Dewgong|Dewgong, L79, F|100\/100
|-damage|p1a: Dewgong|76\/100|[from] Stealth Rock
|turn|18
|choice|move icebeam|move thunderbolt
|
|move|p2a: Rotom|Thunderbolt|p1a: Dewgong
|-supereffective|p1a: Dewgong
|-damage|p1a: Dewgong|0 fnt
|-damage|p2a: Rotom|27\/100|[from] item: Life Orb
|faint|p1a: Dewgong
|
|upkeep
|choice|switch 5|
|
|switch|p1a: Klinklang|Klinklang, L79|100\/100
|-damage|p1a: Klinklang|94\/100|[from] Stealth Rock
|turn|19
|choice|move wildcharge|move overheat
|
|move|p1a: Klinklang|Wild Charge|p2a: Rotom
|-resisted|p2a: Rotom
|-damage|p2a: Rotom|14\/100
|-damage|p1a: Klinklang|91\/100|[from] recoil|[of] p2a: Rotom
|move|p2a: Rotom|Overheat|p1a: Klinklang
|-supereffective|p1a: Klinklang
|-damage|p1a: Klinklang|0 fnt
|-unboost|p2a: Rotom|spa|2
|-damage|p2a: Rotom|4\/100|[from] item: Life Orb
|faint|p1a: Klinklang
|
|win|B4ssSlut
|L|Maclain
|c|☆B4ssSlut|rekt</script>
</div>
<div class="battle-log battle-log-inline"><div class="inner"><div class="chat"><small>B4ssSlut joined.</small></div><div style="padding:5px 0"><small>Format:</small> <br><strong>[Gen 7] Random Battle</strong></div><div><small><em>Sleep Clause Mod:</em> Limit one foe put to sleep</small></div><div><small><em>HP Percentage Mod:</em> HP is shown in percentages</small></div><div>Battle between Maclain and B4ssSlut started!</div><div class="spacer"></div><div>Go! Seviper!</div><div class="spacer"></div><div>B4ssSlut sent out Registeel!</div><h2>Turn 1</h2><div class="spacer"></div><div><span class="battle-nickname" title="Seviper">Seviper</span> used <strong>Earthquake</strong>!</div><div><small>It's super effective! </small><small>The opposing <span class="battle-nickname-foe" title="Registeel">Registeel</span> lost 42% of its health!</small><br></div><div class="spacer"></div><div>The opposing <span class="battle-nickname-foe" title="Registeel">Registeel</span> used <strong>Stealth Rock</strong>!</div><div><small>Pointed stones float in the air around your team!</small></div><div class="spacer"></div><div><small>The opposing <span class="battle-nickname-foe" title="Registeel">Registeel</span> restored a little HP using its Leftovers!</small></div><h2>Turn 2</h2><div class="spacer"></div><div><span class="battle-nickname" title="Seviper">Seviper</span> used <strong>Earthquake</strong>!</div><div><small>It's super effective! </small><small>The opposing <span class="battle-nickname-foe" title="Registeel">Registeel</span> lost 40% of its health!</small><br></div><div class="spacer"></div><div>The opposing <span class="battle-nickname-foe" title="Registeel">Registeel</span> used <strong>Thunder Wave</strong>!</div><div><small><span class="battle-nickname" title="Seviper">Seviper</span> avoided the attack!</small></div><div class="spacer"></div><div><small>The opposing <span class="battle-nickname-foe" title="Registeel">Registeel</span> restored a little HP using its Leftovers!</small></div><h2>Turn 3</h2><div class="spacer"></div><div>The opposing <span class="battle-nickname-foe" title="Registeel">Registeel</span> used <strong>Protect</strong>!</div><div><small>The opposing <span class="battle-nickname-foe" title="Registeel">Registeel</span> protected itself!</small></div><div class="spacer"></div><div><span class="battle-nickname" title="Seviper">Seviper</span> used <strong>Earthquake</strong>!</div><div><small>The opposing <span class="battle-nickname-foe" title="Registeel">Registeel</span> protected itself!</small></div><div class="spacer"></div><div><small>The opposing <span class="battle-nickname-foe" title="Registeel">Registeel</span> restored a little HP using its Leftovers!</small></div><h2>Turn 4</h2><div class="spacer"></div><div>B4ssSlut withdrew Registeel!</div><div class="spacer"></div><div>B4ssSlut sent out Unfezant!</div><div class="spacer"></div><div><span class="battle-nickname" title="Seviper">Seviper</span> used <strong>Earthquake</strong>!</div><div><small>It doesn't affect the opposing <span class="battle-nickname-foe" title="Unfezant">Unfezant</span>... </small></div><h2>Turn 5</h2><div class="spacer"></div><div>The opposing <span class="battle-nickname-foe" title="Unfezant">Unfezant</span> used <strong>Tailwind</strong>!</div><div><small>The Tailwind blew from behind the opposing team!</small></div><div class="spacer"></div><div><span class="battle-nickname" title="Seviper">Seviper</span> used <strong>Sludge Wave</strong>!</div><div><small>The opposing <span class="battle-nickname-foe" title="Unfezant">Unfezant</span> lost 55% of its health!</small><br></div><h2>Turn 6</h2><div class="spacer"></div><div>The opposing <span class="battle-nickname-foe" title="Unfezant">Unfezant</span> used <strong>Night Slash</strong>!</div><div><small>A critical hit! </small><small><span class="battle-nickname" title="Seviper">Seviper</span> lost 41% of its health!</small><br></div><div class="spacer"></div><div><span class="battle-nickname" title="Seviper">Seviper</span> used <strong>Sludge Wave</strong>!</div><div><small>The opposing <span class="battle-nickname-foe" title="Unfezant">Unfezant</span> lost 45% of its health!</small><br></div><div class="spacer"></div><div>The opposing <span class="battle-nickname-foe" title="Unfezant">Unfezant</span> fainted!</div><div class="spacer"></div><div>B4ssSlut sent out Chansey!</div><h2>Turn 7</h2><div class="spacer"></div><div>The opposing <span class="battle-nickname-foe" title="Chansey">Chansey</span> used <strong>Toxic</strong>!</div><div><small>It doesn't affect <span class="battle-nickname" title="Seviper">Seviper</span>... </small></div><div class="spacer"></div><div><span class="battle-nickname" title="Seviper">Seviper</span> used <strong>Giga Drain</strong>!</div><div><small>The opposing <span class="battle-nickname-foe" title="Chansey">Chansey</span> lost 6% of its health!</small><br></div><div><small>The opposing <span class="battle-nickname-foe" title="Chansey">Chansey</span> had its energy drained!</small></div><h2>Turn 8</h2><div class="spacer"></div><div>The opposing <span class="battle-nickname-foe" title="Chansey">Chansey</span> used <strong>Wish</strong>!</div><div class="spacer"></div><div><span class="battle-nickname" title="Seviper">Seviper</span> used <strong>Sludge Wave</strong>!</div><div><small>The opposing <span class="battle-nickname-foe" title="Chansey">Chansey</span> lost 12% of its health!</small><br></div><div class="spacer"></div><div><small>The opposing team's Tailwind petered out!</small></div><h2>Turn 9</h2><div class="spacer"></div><div>B4ssSlut withdrew Chansey!</div><div class="spacer"></div><div>B4ssSlut sent out Registeel!</div><div class="spacer"></div><div><span class="battle-nickname" title="Seviper">Seviper</span> used <strong>Earthquake</strong>!</div><div><small>It's super effective! </small><small>The opposing <span class="battle-nickname-foe" title="Registeel">Registeel</span> lost 37% of its health!</small><br></div><div class="spacer"></div><div>The opposing <span class="battle-nickname-foe" title="Registeel">Registeel</span> fainted!</div><div class="spacer"></div><div>B4ssSlut sent out Mightyena!</div><h2>Turn 10</h2><div class="spacer"></div><div>The opposing <span class="battle-nickname-foe" title="Mightyena">Mightyena</span> used <strong>Sucker Punch</strong>!</div><div><small><span class="battle-nickname" title="Seviper">Seviper</span> lost 39% of its health!</small><br></div><div class="spacer"></div><div><span class="battle-nickname" title="Seviper">Seviper</span> used <strong>Dark Pulse</strong>!</div><div><small>It's not very effective... A critical hit! </small><small>The opposing <span class="battle-nickname-foe" title="Mightyena">Mightyena</span> lost 22% of its health!</small><br></div><h2>Turn 11</h2><div class="spacer"></div><div>The opposing <span class="battle-nickname-foe" title="Mightyena">Mightyena</span> used <strong>Sucker Punch</strong>!</div><div><small><span class="battle-nickname" title="Seviper">Seviper</span> lost 26% of its health!</small><br></div><div class="spacer"></div><div><span class="battle-nickname" title="Seviper">Seviper</span> fainted!</div><div><small>[Opposing <span class="battle-nickname-foe" title="Mightyena">Mightyena</span>'s Moxie!]</small></div><div><small>The opposing <span class="battle-nickname-foe" title="Mightyena">Mightyena</span>'s Attack rose! </small></div><div class="spacer"></div><div>Go! Jynx!</div><div><small>Pointed stones dug into <span class="battle-nickname" title="Jynx">Jynx</span>!</small></div><h2>Turn 12</h2><div class="spacer"></div><div>The opposing <span class="battle-nickname-foe" title="Mightyena">Mightyena</span> used <strong>Sucker Punch</strong>!</div><div><small>It's super effective! </small><small><span class="battle-nickname" title="Jynx">Jynx</span> lost 76% of its health!</small><br></div><div class="spacer"></div><div><span class="battle-nickname" title="Jynx">Jynx</span> fainted!</div><div><small>[Opposing <span class="battle-nickname-foe" title="Mightyena">Mightyena</span>'s Moxie!]</small></div><div><small>The opposing <span class="battle-nickname-foe" title="Mightyena">Mightyena</span>'s Attack rose! </small></div><div class="spacer"></div><div>Go! Absol!</div><div><small>Pointed stones dug into <span class="battle-nickname" title="Absol">Absol</span>!</small></div><h2>Turn 13</h2><div class="spacer"></div><div><small><span class="battle-nickname" title="Absol-Mega">Absol</span>'s Absolite is reacting to Maclain's Mega Bracelet!<br><span class="battle-nickname" title="Absol-Mega">Absol</span> has Mega Evolved into Mega Absol!</small></div><div class="spacer"></div><div><span class="battle-nickname" title="Absol-Mega">Absol</span> used <strong>Play Rough</strong>!</div><div><small>It's super effective! </small><small>The opposing <span class="battle-nickname-foe" title="Mightyena">Mightyena</span> lost 77% of its health!</small><br></div><div class="spacer"></div><div>The opposing <span class="battle-nickname-foe" title="Mightyena">Mightyena</span> used <strong>Play Rough</strong>!</div><div><small>It's super effective! A critical hit! </small><small><span class="battle-nickname" title="Absol-Mega">Absol</span> lost 88% of its health!</small><br></div><div class="spacer"></div><div><span class="battle-nickname" title="Absol-Mega">Absol</span> fainted!</div><div><small>[Opposing <span class="battle-nickname-foe" title="Mightyena">Mightyena</span>'s Moxie!]</small></div><div><small>The opposing <span class="battle-nickname-foe" title="Mightyena">Mightyena</span>'s Attack rose! </small></div><div class="chat chatmessage-b4ssslut"><strong style="color:hsl(270,43.07235%,49.92765%);"><small>☆</small><span class="username" data-name="B4ssSlut">B4ssSlut</span>:</strong> <em>LOL</em></div><div class="chat chatmessage-b4ssslut"><strong style="color:hsl(270,43.07235%,49.92765%);"><small>☆</small><span class="username" data-name="B4ssSlut">B4ssSlut</span>:</strong> <em>1 HEALTH HERO</em></div><div class="spacer"></div><div>Go! Keldeo!</div><div><small>Pointed stones dug into <span class="battle-nickname" title="Keldeo">Keldeo</span>!</small></div><h2>Turn 14</h2><div class="spacer"></div><div>The opposing <span class="battle-nickname-foe" title="Mightyena">Mightyena</span> used <strong>Sucker Punch</strong>!</div><div><small>It's not very effective... A critical hit! </small><small><span class="battle-nickname" title="Keldeo">Keldeo</span> lost 45% of its health!</small><br></div><div><small>[<span class="battle-nickname" title="Keldeo">Keldeo</span>'s Justified!]</small></div><div><small><span class="battle-nickname" title="Keldeo">Keldeo</span>'s Attack rose! </small></div><div class="spacer"></div><div><span class="battle-nickname" title="Keldeo">Keldeo</span> used <strong>Hidden Power</strong>!</div><div><small>The opposing <span class="battle-nickname-foe" title="Mightyena">Mightyena</span> lost 1% of its health!</small><br></div><div><small><span class="battle-nickname" title="Keldeo">Keldeo</span> lost some of its HP!</small></div><div class="spacer"></div><div>The opposing <span class="battle-nickname-foe" title="Mightyena">Mightyena</span> fainted!</div><div class="spacer"></div><div>B4ssSlut sent out Chansey!</div><h2>Turn 15</h2><div class="spacer"></div><div><span class="battle-nickname" title="Keldeo">Keldeo</span> used <strong>Secret Sword</strong>!</div><div><small>It's super effective! </small><small>The opposing <span class="battle-nickname-foe" title="Chansey">Chansey</span> lost 82% of its health!</small><br></div><div><small><span class="battle-nickname" title="Keldeo">Keldeo</span> lost some of its HP!</small></div><div class="spacer"></div><div>The opposing <span class="battle-nickname-foe" title="Chansey">Chansey</span> fainted!</div><div class="spacer"></div><div>B4ssSlut sent out <span class="battle-nickname-foe" title="Marowak-Alola">Marowak <small>(Marowak-Alola)</small></span>!</div><h2>Turn 16</h2><div class="spacer"></div><div><span class="battle-nickname" title="Keldeo">Keldeo</span> used <strong>Scald</strong>!</div><div><small>It's super effective! </small><small>The opposing <span class="battle-nickname-foe" title="Marowak-Alola">Marowak</span> lost 100% of its health!</small><br></div><div><small><span class="battle-nickname" title="Keldeo">Keldeo</span> lost some of its HP!</small></div><div class="spacer"></div><div>The opposing <span class="battle-nickname-foe" title="Marowak-Alola">Marowak</span> fainted!</div><div class="spacer"></div><div>B4ssSlut sent out <span class="battle-nickname-foe" title="Rotom-Heat">Rotom <small>(Rotom-Heat)</small></span>!</div><h2>Turn 17</h2><div class="spacer"></div><div><span class="battle-nickname" title="Keldeo">Keldeo</span> used <strong>Secret Sword</strong>!</div><div><small>The opposing <span class="battle-nickname-foe" title="Rotom-Heat">Rotom</span> lost 54% of its health!</small><br></div><div><small><span class="battle-nickname" title="Keldeo">Keldeo</span> lost some of its HP!</small></div><div class="spacer"></div><div>The opposing <span class="battle-nickname-foe" title="Rotom-Heat">Rotom</span> used <strong>Thunderbolt</strong>!</div><div><small>It's super effective! </small><small><span class="battle-nickname" title="Keldeo">Keldeo</span> lost 11% of its health!</small><br></div><div><small>The opposing <span class="battle-nickname-foe" title="Rotom-Heat">Rotom</span> lost some of its HP!</small></div><div class="spacer"></div><div><span class="battle-nickname" title="Keldeo">Keldeo</span> fainted!</div><div class="spacer"></div><div>Go! Dewgong!</div><div><small>Pointed stones dug into <span class="battle-nickname" title="Dewgong">Dewgong</span>!</small></div><h2>Turn 18</h2><div class="spacer"></div><div>The opposing <span class="battle-nickname-foe" title="Rotom-Heat">Rotom</span> used <strong>Thunderbolt</strong>!</div><div><small>It's super effective! </small><small><span class="battle-nickname" title="Dewgong">Dewgong</span> lost 76% of its health!</small><br></div><div><small>The opposing <span class="battle-nickname-foe" title="Rotom-Heat">Rotom</span> lost some of its HP!</small></div><div class="spacer"></div><div><span class="battle-nickname" title="Dewgong">Dewgong</span> fainted!</div><div class="spacer"></div><div>Go! Klinklang!</div><div><small>Pointed stones dug into <span class="battle-nickname" title="Klinklang">Klinklang</span>!</small></div><h2>Turn 19</h2><div class="spacer"></div><div><span class="battle-nickname" title="Klinklang">Klinklang</span> used <strong>Wild Charge</strong>!</div><div><small>It's not very effective... </small><small>The opposing <span class="battle-nickname-foe" title="Rotom-Heat">Rotom</span> lost 13% of its health!</small><br></div><div><small><span class="battle-nickname" title="Klinklang">Klinklang</span> is damaged by the recoil!</small></div><div class="spacer"></div><div>The opposing <span class="battle-nickname-foe" title="Rotom-Heat">Rotom</span> used <strong>Overheat</strong>!</div><div><small>It's super effective! </small><small><span class="battle-nickname" title="Klinklang">Klinklang</span> lost 91% of its health!</small><br></div><div><small>The opposing <span class="battle-nickname-foe" title="Rotom-Heat">Rotom</span>'s Special Attack fell harshly! </small></div><div><small>The opposing <span class="battle-nickname-foe" title="Rotom-Heat">Rotom</span> lost some of its HP!</small></div><div class="spacer"></div><div><span class="battle-nickname" title="Klinklang">Klinklang</span> fainted!</div><div class="spacer"></div><div>B4ssSlut won the battle!</div><div class="chat chatmessage-b4ssslut"><strong style="color:hsl(270,43.07235%,49.92765%);"><small>☆</small><span class="username" data-name="B4ssSlut">B4ssSlut</span>:</strong> <em>rekt</em></div></div></div>
</div>
<script>
var daily = Math.floor(Date.now()/1000/60/60/24);document.write('<script src="https://play.pokemonshowdown.com/js/replay-embed.js?version'+daily+'"></'+'script>');
</script>
