<!DOCTYPE html>
<meta charset="utf-8" />
<!-- version 1 -->
<title>[Gen 7] Random Battle replay: King Dustin vs. pabby_g</title>
<style>
html,body {font-family:Verdana, sans-serif;font-size:10pt;margin:0;padding:0;}body{padding:12px 0;} .battle-log {font-family:Verdana, sans-serif;font-size:10pt;} .battle-log-inline {border:1px solid #AAAAAA;background:#EEF2F5;color:black;max-width:640px;margin:0 auto 80px;padding-bottom:5px;} .battle-log .inner {padding:4px 8px 0px 8px;} .battle-log .inner-preempt {padding:0 8px 4px 8px;} .battle-log .inner-after {margin-top:0.5em;} .battle-log h2 {margin:0.5em -8px;padding:4px 8px;border:1px solid #AAAAAA;background:#E0E7EA;border-left:0;border-right:0;font-family:Verdana, sans-serif;font-size:13pt;} .battle-log .chat {vertical-align:middle;padding:3px 0 3px 0;font-size:8pt;} .battle-log .chat strong {color:#40576A;} .battle-log .chat em {padding:1px 4px 1px 3px;color:#000000;font-style:normal;} .chat.mine {background:rgba(0,0,0,0.05);margin-left:-8px;margin-right:-8px;padding-left:8px;padding-right:8px;} .spoiler {color:#BBBBBB;background:#BBBBBB;padding:0px 3px;} .spoiler:hover, .spoiler:active, .spoiler-shown {color:#000000;background:#E2E2E2;padding:0px 3px;} .spoiler a {color:#BBBBBB;} .spoiler:hover a, .spoiler:active a, .spoiler-shown a {color:#2288CC;} .chat code, .chat .spoiler:hover code, .chat .spoiler:active code, .chat .spoiler-shown code {border:1px solid #C0C0C0;background:#EEEEEE;color:black;padding:0 2px;} .chat .spoiler code {border:1px solid #CCCCCC;background:#CCCCCC;color:#CCCCCC;} .battle-log .rated {padding:3px 4px;} .battle-log .rated strong {color:white;background:#89A;padding:1px 4px;border-radius:4px;} .spacer {margin-top:0.5em;} .message-announce {background:#6688AA;color:white;padding:1px 4px 2px;} .message-announce a, .broadcast-green a, .broadcast-blue a, .broadcast-red a {color:#DDEEFF;} .broadcast-green {background-color:#559955;color:white;padding:2px 4px;} .broadcast-blue {background-color:#6688AA;color:white;padding:2px 4px;} .infobox {border:1px solid #6688AA;padding:2px 4px;} .infobox-limited {max-height:200px;overflow:auto;overflow-x:hidden;} .broadcast-red {background-color:#AA5544;color:white;padding:2px 4px;} .message-learn-canlearn {font-weight:bold;color:#228822;text-decoration:underline;} .message-learn-cannotlearn {font-weight:bold;color:#CC2222;text-decoration:underline;} .message-effect-weak {font-weight:bold;color:#CC2222;} .message-effect-resist {font-weight:bold;color:#6688AA;} .message-effect-immune {font-weight:bold;color:#666666;} .message-learn-list {margin-top:0;margin-bottom:0;} .message-throttle-notice, .message-error {color:#992222;} .message-overflow, .chat small.message-overflow {font-size:0pt;} .message-overflow::before {font-size:9pt;content:'...';} .subtle {color:#3A4A66;}
</style>
<div class="wrapper replay-wrapper" style="max-width:1180px;margin:0 auto">
<input type="hidden" name="replayid" value="gen7randombattle-566929369" />
<div class="battle"></div><div class="battle-log"></div><div class="replay-controls"></div><div class="replay-controls-2"></div>
<h1 style="font-weight:normal;text-align:center"><strong>[Gen 7] Random Battle</strong><br /><a href="http://pokemonshowdown.com/users/kingdustin" class="subtle" target="_blank">King Dustin</a> vs. <a href="http://pokemonshowdown.com/users/pabbyg" class="subtle" target="_blank">pabby_g</a></h1>
<script type="text/plain" class="battle-log-data">|j|King Dustin
|j|pabby_g
|player|p1|King Dustin|165
|player|p2|pabby_g|54
|gametype|singles
|gen|7
|tier|[Gen 7] Random Battle
|rated
|seed|12318,10517,56953,26540,16184,24818,10992,5414,34163,27547,30489,65078
|rule|Sleep Clause Mod: Limit one foe put to sleep
|rule|HP Percentage Mod: HP is shown in percentages
|
|start
|switch|p1a: Slowking|Slowking, L79, F|100\/100
|switch|p2a: Tapu Fini|Tapu Fini, L75|100\/100
|-fieldstart|move: Misty Terrain|[from] ability: Misty Surge|[of] p2a: Tapu Fini
|turn|1
|inactive|Battle timer is ON: inactive players will automatically lose when time's up. (requested by King Dustin)
|choice|move psyshock|move substitute
|
|move|p2a: Tapu Fini|Substitute|p2a: Tapu Fini
|-start|p2a: Tapu Fini|Substitute
|-damage|p2a: Tapu Fini|76\/100
|move|p1a: Slowking|Psyshock|p2a: Tapu Fini
|-end|p2a: Tapu Fini|Substitute
|
|-heal|p2a: Tapu Fini|82\/100|[from] item: Leftovers
|upkeep
|turn|2
|choice|move psyshock|switch 3
|
|switch|p2a: Honchkrow|Honchkrow, L79, M|100\/100
|move|p1a: Slowking|Psyshock|p2a: Honchkrow
|-immune|p2a: Honchkrow|[msg]
|
|upkeep
|turn|3
|choice|move icebeam|move pursuit
|
|move|p2a: Honchkrow|Pursuit|p1a: Slowking
|-supereffective|p1a: Slowking
|-damage|p1a: Slowking|53\/100
|-damage|p2a: Honchkrow|91\/100|[from] item: Life Orb
|move|p1a: Slowking|Ice Beam|p2a: Honchkrow
|-supereffective|p2a: Honchkrow
|-damage|p2a: Honchkrow|24\/100
|
|-heal|p1a: Slowking|59\/100|[from] item: Leftovers
|upkeep
|turn|4
|choice|move scald|move suckerpunch
|
|move|p2a: Honchkrow|Sucker Punch|p1a: Slowking
|-supereffective|p1a: Slowking
|-damage|p1a: Slowking|0 fnt
|-damage|p2a: Honchkrow|14\/100|[from] item: Life Orb
|faint|p1a: Slowking
|-ability|p2a: Honchkrow|Moxie|boost
|-boost|p2a: Honchkrow|atk|1
|
|upkeep
|choice|switch 5|
|
|switch|p1a: Dialga|Dialga, L73|100\/100
|-ability|p1a: Dialga|Pressure
|-item|p1a: Dialga|Air Balloon
|turn|5
|choice|move stealthrock|move suckerpunch
|
|move|p2a: Honchkrow|Sucker Punch|p1a: Dialga|[still]
|-fail|p2a: Honchkrow
|move|p1a: Dialga|Stealth Rock|p2a: Honchkrow
|-sidestart|p2: pabby_g|move: Stealth Rock
|
|-fieldend|Misty Terrain
|upkeep
|turn|6
|choice|move toxic|move suckerpunch
|
|move|p2a: Honchkrow|Sucker Punch|p1a: Dialga|[still]
|-fail|p2a: Honchkrow
|move|p1a: Dialga|Toxic|p2a: Honchkrow
|-status|p2a: Honchkrow|tox
|
|-damage|p2a: Honchkrow|8\/100 tox|[from] psn
|upkeep
|turn|7
|choice|switch 2|move pursuit
|
|-activate|p1a: Dialga|move: Pursuit
|move|p2a: Honchkrow|Pursuit|p1a: Dialga|[from]Pursuit
|-damage|p1a: Dialga|35\/100
|-enditem|p1a: Dialga|Air Balloon
|-damage|p2a: Honchkrow|0 fnt|[from] item: Life Orb
|switch|p1a: Klefki|Klefki, L77, F|100\/100
|faint|p2a: Honchkrow
|
|upkeep
|choice||switch 2
|
|switch|p2a: Muk|Muk, L79, M|100\/100
|-damage|p2a: Muk|88\/100|[from] Stealth Rock
|turn|8
|choice|move thunderwave|move curse
|
|move|p1a: Klefki|Thunder Wave|p2a: Muk
|-status|p2a: Muk|par
|cant|p2a: Muk|par
|
|-heal|p2a: Muk|94\/100 par|[from] item: Black Sludge
|upkeep
|turn|9
|choice|move foulplay|move curse
|
|move|p1a: Klefki|Foul Play|p2a: Muk
|-damage|p2a: Muk|71\/100 par
|cant|p2a: Muk|par
|
|-heal|p2a: Muk|77\/100 par|[from] item: Black Sludge
|upkeep
|turn|10
|choice|move reflect|move firepunch
|
|move|p1a: Klefki|Reflect|p1a: Klefki
|-sidestart|p1: King Dustin|Reflect
|move|p2a: Muk|Fire Punch|p1a: Klefki
|-supereffective|p1a: Klefki
|-damage|p1a: Klefki|78\/100
|
|-heal|p2a: Muk|84\/100 par|[from] item: Black Sludge
|upkeep
|turn|11
|choice|switch 6|move firepunch
|
|switch|p1a: Typhlosion|Typhlosion, L79, F|100\/100
|cant|p2a: Muk|par
|
|-heal|p2a: Muk|90\/100 par|[from] item: Black Sludge
|upkeep
|turn|12
|choice|move extrasensory|move gunkshot
|
|move|p1a: Typhlosion|Extrasensory|p2a: Muk
|-supereffective|p2a: Muk
|-damage|p2a: Muk|36\/100 par
|move|p2a: Muk|Gunk Shot|p1a: Typhlosion|[miss]
|-miss|p2a: Muk|p1a: Typhlosion
|
|-heal|p2a: Muk|42\/100 par|[from] item: Black Sludge
|upkeep
|turn|13
|choice|move extrasensory|move gunkshot
|
|move|p1a: Typhlosion|Extrasensory|p2a: Muk
|-supereffective|p2a: Muk
|-damage|p2a: Muk|0 fnt
|faint|p2a: Muk
|
|upkeep
|choice||switch 3
|
|switch|p2a: Tapu Fini|Tapu Fini, L75|82\/100
|-damage|p2a: Tapu Fini|69\/100|[from] Stealth Rock
|-fieldstart|move: Misty Terrain|[from] ability: Misty Surge|[of] p2a: Tapu Fini
|turn|14
|choice|switch 6|move substitute
|
|switch|p1a: Klefki|Klefki, L77, F|78\/100
|move|p2a: Tapu Fini|Substitute|p2a: Tapu Fini
|-start|p2a: Tapu Fini|Substitute
|-damage|p2a: Tapu Fini|45\/100
|
|-heal|p2a: Tapu Fini|51\/100|[from] item: Leftovers
|upkeep
|turn|15
|choice|move playrough|move calmmind
|
|move|p2a: Tapu Fini|Calm Mind|p2a: Tapu Fini
|-boost|p2a: Tapu Fini|spa|1
|-boost|p2a: Tapu Fini|spd|1
|move|p1a: Klefki|Play Rough|p2a: Tapu Fini
|-end|p2a: Tapu Fini|Substitute
|
|-heal|p2a: Tapu Fini|57\/100|[from] item: Leftovers
|upkeep
|turn|16
|choice|move thunderwave|move surf
|
|move|p1a: Klefki|Thunder Wave|p2a: Tapu Fini
|-activate|p2a: Tapu Fini|move: Misty Terrain
|move|p2a: Tapu Fini|Surf|p1a: Klefki
|-damage|p1a: Klefki|19\/100
|
|-heal|p2a: Tapu Fini|63\/100|[from] item: Leftovers
|upkeep
|turn|17
|choice|move playrough|move surf
|
|move|p2a: Tapu Fini|Surf|p1a: Klefki
|-damage|p1a: Klefki|0 fnt
|faint|p1a: Klefki
|
|-heal|p2a: Tapu Fini|69\/100|[from] item: Leftovers
|-sideend|p1: King Dustin|Reflect
|upkeep
|choice|switch 3|
|
|switch|p1a: Mimikyu|Mimikyu, L75, M|100\/100
|turn|18
|choice|move swordsdance|move surf
|
|move|p1a: Mimikyu|Swords Dance|p1a: Mimikyu
|-boost|p1a: Mimikyu|atk|2
|move|p2a: Tapu Fini|Surf|p1a: Mimikyu
|-activate|p1a: Mimikyu|ability: Disguise
|-damage|p1a: Mimikyu|100\/100
|detailschange|p1a: Mimikyu|Mimikyu-Busted, L75, M
|
|-heal|p2a: Tapu Fini|75\/100|[from] item: Leftovers
|-fieldend|Misty Terrain
|upkeep
|turn|19
|choice|move woodhammer|move surf
|
|move|p1a: Mimikyu|Wood Hammer|p2a: Tapu Fini
|-supereffective|p2a: Tapu Fini
|-damage|p2a: Tapu Fini|0 fnt
|-damage|p1a: Mimikyu|73\/100|[from] recoil|[of] p2a: Tapu Fini
|-damage|p1a: Mimikyu|64\/100|[from] item: Life Orb
|faint|p2a: Tapu Fini
|
|upkeep
|choice||switch 6
|
|switch|p2a: Heracross|Heracross, L75, M|100\/100
|-damage|p2a: Heracross|88\/100|[from] Stealth Rock
|turn|20
|choice|move playrough|move rockblast mega
|
|detailschange|p2a: Heracross|Heracross-Mega, L75, M
|-mega|p2a: Heracross|Heracross|Heracronite
|move|p1a: Mimikyu|Play Rough|p2a: Heracross
|-supereffective|p2a: Heracross
|-damage|p2a: Heracross|0 fnt
|-damage|p1a: Mimikyu|54\/100|[from] item: Life Orb
|faint|p2a: Heracross
|
|upkeep
|choice||switch 5
|
|switch|p2a: Ho-Oh|Ho-Oh, L73|100\/100
|-damage|p2a: Ho-Oh|51\/100|[from] Stealth Rock
|turn|21
|choice|move shadowclaw|move sacredfire
|
|move|p1a: Mimikyu|Shadow Claw|p2a: Ho-Oh
|-crit|p2a: Ho-Oh
|-damage|p2a: Ho-Oh|0 fnt
|-damage|p1a: Mimikyu|44\/100|[from] item: Life Orb
|faint|p2a: Ho-Oh
|
|upkeep
|-message|pabby_g forfeited.
|
|win|King Dustin
|l|pabby_g</script>
</div>
<div class="battle-log battle-log-inline"><div class="inner"><div class="chat"><small>King Dustin joined.</small></div><div class="chat"><small>pabby_g joined.</small></div><div style="padding:5px 0"><small>Format:</small> <br><strong>[Gen 7] Random Battle</strong></div><div class="rated"><strong>Rated battle</strong></div><div><small><em>Sleep Clause Mod:</em> Limit one foe put to sleep</small></div><div><small><em>HP Percentage Mod:</em> HP is shown in percentages</small></div><div>Battle between King Dustin and pabby_g started!</div><div class="spacer"></div><div>Go! Slowking!</div><div class="spacer"></div><div>pabby_g sent out Tapu Fini!</div><div><small>[Opposing <span class="battle-nickname-foe" title="Tapu Fini">Tapu Fini</span>'s Misty Surge!]</small></div><div><small>Mist swirls around the battlefield!</small></div><h2>Turn 1</h2><div class="chat message-error">Battle timer is ON: inactive players will automatically lose when time's up. (requested by King Dustin)</div><div class="spacer"></div><div>The opposing <span class="battle-nickname-foe" title="Tapu Fini">Tapu Fini</span> used <strong>Substitute</strong>!</div><div><small>The opposing <span class="battle-nickname-foe" title="Tapu Fini">Tapu Fini</span> put in a substitute!</small></div><div><small>The opposing <span class="battle-nickname-foe" title="Tapu Fini">Tapu Fini</span> lost 24% of its health!</small><br></div><div class="spacer"></div><div><span class="battle-nickname" title="Slowking">Slowking</span> used <strong>Psyshock</strong>!</div><div><small>The opposing <span class="battle-nickname-foe" title="Tapu Fini">Tapu Fini</span>'s substitute faded!</small></div><div class="spacer"></div><div><small>The opposing <span class="battle-nickname-foe" title="Tapu Fini">Tapu Fini</span> restored a little HP using its Leftovers!</small></div><h2>Turn 2</h2><div class="spacer"></div><div>pabby_g withdrew Tapu Fini!</div><div class="spacer"></div><div>pabby_g sent out Honchkrow!</div><div class="spacer"></div><div><span class="battle-nickname" title="Slowking">Slowking</span> used <strong>Psyshock</strong>!</div><div><small>It doesn't affect the opposing <span class="battle-nickname-foe" title="Honchkrow">Honchkrow</span>... </small></div><h2>Turn 3</h2><div class="spacer"></div><div>The opposing <span class="battle-nickname-foe" title="Honchkrow">Honchkrow</span> used <strong>Pursuit</strong>!</div><div><small>It's super effective! </small><small><span class="battle-nickname" title="Slowking">Slowking</span> lost 47% of its health!</small><br></div><div><small>The opposing <span class="battle-nickname-foe" title="Honchkrow">Honchkrow</span> lost some of its HP!</small></div><div class="spacer"></div><div><span class="battle-nickname" title="Slowking">Slowking</span> used <strong>Ice Beam</strong>!</div><div><small>It's super effective! </small><small>The opposing <span class="battle-nickname-foe" title="Honchkrow">Honchkrow</span> lost 67% of its health!</small><br></div><div class="spacer"></div><div><small><span class="battle-nickname" title="Slowking">Slowking</span> restored a little HP using its Leftovers!</small></div><h2>Turn 4</h2><div class="spacer"></div><div>The opposing <span class="battle-nickname-foe" title="Honchkrow">Honchkrow</span> used <strong>Sucker Punch</strong>!</div><div><small>It's super effective! </small><small><span class="battle-nickname" title="Slowking">Slowking</span> lost 59% of its health!</small><br></div><div><small>The opposing <span class="battle-nickname-foe" title="Honchkrow">Honchkrow</span> lost some of its HP!</small></div><div class="spacer"></div><div><span class="battle-nickname" title="Slowking">Slowking</span> fainted!</div><div><small>[Opposing <span class="battle-nickname-foe" title="Honchkrow">Honchkrow</span>'s Moxie!]</small></div><div><small>The opposing <span class="battle-nickname-foe" title="Honchkrow">Honchkrow</span>'s Attack rose! </small></div><div class="spacer"></div><div>Go! Dialga!</div><div><small>[<span class="battle-nickname" title="Dialga">Dialga</span>'s Pressure!]</small></div><div><small><span class="battle-nickname" title="Dialga">Dialga</span> is exerting its pressure!</small></div><div><small><span class="battle-nickname" title="Dialga">Dialga</span> floats in the air with its Air Balloon!</small></div><h2>Turn 5</h2><div class="spacer"></div><div>The opposing <span class="battle-nickname-foe" title="Honchkrow">Honchkrow</span> used <strong>Sucker Punch</strong>!</div><div><small>But it failed!</small></div><div class="spacer"></div><div><span class="battle-nickname" title="Dialga">Dialga</span> used <strong>Stealth Rock</strong>!</div><div><small>Pointed stones float in the air around the opposing team!</small></div><div class="spacer"></div><div><small>The mist disappeared from the battlefield.</small></div><h2>Turn 6</h2><div class="spacer"></div><div>The opposing <span class="battle-nickname-foe" title="Honchkrow">Honchkrow</span> used <strong>Sucker Punch</strong>!</div><div><small>But it failed!</small></div><div class="spacer"></div><div><span class="battle-nickname" title="Dialga">Dialga</span> used <strong>Toxic</strong>!</div><div><small>The opposing <span class="battle-nickname-foe" title="Honchkrow">Honchkrow</span> was badly poisoned!</small></div><div class="spacer"></div><div><small>The opposing <span class="battle-nickname-foe" title="Honchkrow">Honchkrow</span> was hurt by poison!</small></div><h2>Turn 7</h2><div class="spacer"></div><div><small>(<span class="battle-nickname" title="Dialga">Dialga</span> is being withdrawn!)</small></div><div>The opposing <span class="battle-nickname-foe" title="Honchkrow">Honchkrow</span> used <strong>Pursuit</strong>!</div><div><small><span class="battle-nickname" title="Dialga">Dialga</span> lost 65% of its health!</small><br></div><div><small><span class="battle-nickname" title="Dialga">Dialga</span>'s Air Balloon popped!</small></div><div><small>The opposing <span class="battle-nickname-foe" title="Honchkrow">Honchkrow</span> lost some of its HP!</small></div><div class="spacer"></div><div><span class="battle-nickname" title="Dialga">Dialga</span>, come back!</div><div class="spacer"></div><div>Go! Klefki!</div><div class="spacer"></div><div>The opposing <span class="battle-nickname-foe" title="Honchkrow">Honchkrow</span> fainted!</div><div class="spacer"></div><div>pabby_g sent out Muk!</div><div><small>Pointed stones dug into the opposing <span class="battle-nickname-foe" title="Muk">Muk</span>!</small></div><h2>Turn 8</h2><div class="spacer"></div><div><span class="battle-nickname" title="Klefki">Klefki</span> used <strong>Thunder Wave</strong>!</div><div><small>The opposing <span class="battle-nickname-foe" title="Muk">Muk</span> is paralyzed! It may be unable to move!</small></div><div class="spacer"></div><div>The opposing <span class="battle-nickname-foe" title="Muk">Muk</span> is paralyzed! It can't move!</div><div class="spacer"></div><div><small>The opposing <span class="battle-nickname-foe" title="Muk">Muk</span> restored a little HP using its Black Sludge!</small></div><h2>Turn 9</h2><div class="spacer"></div><div><span class="battle-nickname" title="Klefki">Klefki</span> used <strong>Foul Play</strong>!</div><div><small>The opposing <span class="battle-nickname-foe" title="Muk">Muk</span> lost 23% of its health!</small><br></div><div class="spacer"></div><div>The opposing <span class="battle-nickname-foe" title="Muk">Muk</span> is paralyzed! It can't move!</div><div class="spacer"></div><div><small>The opposing <span class="battle-nickname-foe" title="Muk">Muk</span> restored a little HP using its Black Sludge!</small></div><h2>Turn 10</h2><div class="spacer"></div><div><span class="battle-nickname" title="Klefki">Klefki</span> used <strong>Reflect</strong>!</div><div><small>Reflect made your team stronger against physical moves!</small></div><div class="spacer"></div><div>The opposing <span class="battle-nickname-foe" title="Muk">Muk</span> used <strong>Fire Punch</strong>!</div><div><small>It's super effective! </small><small><span class="battle-nickname" title="Klefki">Klefki</span> lost 22% of its health!</small><br></div><div class="spacer"></div><div><small>The opposing <span class="battle-nickname-foe" title="Muk">Muk</span> restored a little HP using its Black Sludge!</small></div><h2>Turn 11</h2><div class="spacer"></div><div><span class="battle-nickname" title="Klefki">Klefki</span>, come back!</div><div class="spacer"></div><div>Go! Typhlosion!</div><div class="spacer"></div><div>The opposing <span class="battle-nickname-foe" title="Muk">Muk</span> is paralyzed! It can't move!</div><div class="spacer"></div><div><small>The opposing <span class="battle-nickname-foe" title="Muk">Muk</span> restored a little HP using its Black Sludge!</small></div><h2>Turn 12</h2><div class="spacer"></div><div><span class="battle-nickname" title="Typhlosion">Typhlosion</span> used <strong>Extrasensory</strong>!</div><div><small>It's super effective! </small><small>The opposing <span class="battle-nickname-foe" title="Muk">Muk</span> lost 54% of its health!</small><br></div><div class="spacer"></div><div>The opposing <span class="battle-nickname-foe" title="Muk">Muk</span> used <strong>Gunk Shot</strong>!</div><div><small><span class="battle-nickname" title="Typhlosion">Typhlosion</span> avoided the attack!</small></div><div class="spacer"></div><div><small>The opposing <span class="battle-nickname-foe" title="Muk">Muk</span> restored a little HP using its Black Sludge!</small></div><h2>Turn 13</h2><div class="spacer"></div><div><span class="battle-nickname" title="Typhlosion">Typhlosion</span> used <strong>Extrasensory</strong>!</div><div><small>It's super effective! </small><small>The opposing <span class="battle-nickname-foe" title="Muk">Muk</span> lost 42% of its health!</small><br></div><div class="spacer"></div><div>The opposing <span class="battle-nickname-foe" title="Muk">Muk</span> fainted!</div><div class="spacer"></div><div>pabby_g sent out Tapu Fini!</div><div><small>Pointed stones dug into the opposing <span class="battle-nickname-foe" title="Tapu Fini">Tapu Fini</span>!</small></div><div><small>[Opposing <span class="battle-nickname-foe" title="Tapu Fini">Tapu Fini</span>'s Misty Surge!]</small></div><div><small>Mist swirls around the battlefield!</small></div><h2>Turn 14</h2><div class="spacer"></div><div><span class="battle-nickname" title="Typhlosion">Typhlosion</span>, come back!</div><div class="spacer"></div><div>Go! Klefki!</div><div class="spacer"></div><div>The opposing <span class="battle-nickname-foe" title="Tapu Fini">Tapu Fini</span> used <strong>Substitute</strong>!</div><div><small>The opposing <span class="battle-nickname-foe" title="Tapu Fini">Tapu Fini</span> put in a substitute!</small></div><div><small>The opposing <span class="battle-nickname-foe" title="Tapu Fini">Tapu Fini</span> lost 24% of its health!</small><br></div><div class="spacer"></div><div><small>The opposing <span class="battle-nickname-foe" title="Tapu Fini">Tapu Fini</span> restored a little HP using its Leftovers!</small></div><h2>Turn 15</h2><div class="spacer"></div><div>The opposing <span class="battle-nickname-foe" title="Tapu Fini">Tapu Fini</span> used <strong>Calm Mind</strong>!</div><div><small>The opposing <span class="battle-nickname-foe" title="Tapu Fini">Tapu Fini</span>'s Special Attack rose! The opposing <span class="battle-nickname-foe" title="Tapu Fini">Tapu Fini</span>'s Special Defense rose! </small></div><div class="spacer"></div><div><span class="battle-nickname" title="Klefki">Klefki</span> used <strong>Play Rough</strong>!</div><div><small>The opposing <span class="battle-nickname-foe" title="Tapu Fini">Tapu Fini</span>'s substitute faded!</small></div><div class="spacer"></div><div><small>The opposing <span class="battle-nickname-foe" title="Tapu Fini">Tapu Fini</span> restored a little HP using its Leftovers!</small></div><h2>Turn 16</h2><div class="spacer"></div><div><span class="battle-nickname" title="Klefki">Klefki</span> used <strong>Thunder Wave</strong>!</div><div><small>The opposing <span class="battle-nickname-foe" title="Tapu Fini">Tapu Fini</span> surrounds itself with a protective mist!</small></div><div class="spacer"></div><div>The opposing <span class="battle-nickname-foe" title="Tapu Fini">Tapu Fini</span> used <strong>Surf</strong>!</div><div><small><span class="battle-nickname" title="Klefki">Klefki</span> lost 59% of its health!</small><br></div><div class="spacer"></div><div><small>The opposing <span class="battle-nickname-foe" title="Tapu Fini">Tapu Fini</span> restored a little HP using its Leftovers!</small></div><h2>Turn 17</h2><div class="spacer"></div><div>The opposing <span class="battle-nickname-foe" title="Tapu Fini">Tapu Fini</span> used <strong>Surf</strong>!</div><div><small><span class="battle-nickname" title="Klefki">Klefki</span> lost 19% of its health!</small><br></div><div class="spacer"></div><div><span class="battle-nickname" title="Klefki">Klefki</span> fainted!</div><div class="spacer"></div><div><small>The opposing <span class="battle-nickname-foe" title="Tapu Fini">Tapu Fini</span> restored a little HP using its Leftovers!</small></div><div><small>Your team's Reflect wore off!</small></div><div class="spacer"></div><div>Go! Mimikyu!</div><h2>Turn 18</h2><div class="spacer"></div><div><span class="battle-nickname" title="Mimikyu">Mimikyu</span> used <strong>Swords Dance</strong>!</div><div><small><span class="battle-nickname" title="Mimikyu">Mimikyu</span>'s Attack rose sharply! </small></div><div class="spacer"></div><div>The opposing <span class="battle-nickname-foe" title="Tapu Fini">Tapu Fini</span> used <strong>Surf</strong>!</div><div><small>[<span class="battle-nickname" title="Mimikyu">Mimikyu</span>'s Disguise!]</small></div><div><small>Its disguise served it as a decoy!</small></div><div><small><span class="battle-nickname" title="Mimikyu">Mimikyu</span> lost 0% of its health!</small><br></div><div class="spacer"></div><div><small><span class="battle-nickname" title="Mimikyu-Busted">Mimikyu</span>'s disguise was busted!</small></div><div class="spacer"></div><div><small>The opposing <span class="battle-nickname-foe" title="Tapu Fini">Tapu Fini</span> restored a little HP using its Leftovers!</small></div><div><small>The mist disappeared from the battlefield.</small></div><h2>Turn 19</h2><div class="spacer"></div><div><span class="battle-nickname" title="Mimikyu-Busted">Mimikyu</span> used <strong>Wood Hammer</strong>!</div><div><small>It's super effective! </small><small>The opposing <span class="battle-nickname-foe" title="Tapu Fini">Tapu Fini</span> lost 75% of its health!</small><br></div><div><small><span class="battle-nickname" title="Mimikyu-Busted">Mimikyu</span> is damaged by the recoil!</small></div><div><small><span class="battle-nickname" title="Mimikyu-Busted">Mimikyu</span> lost some of its HP!</small></div><div class="spacer"></div><div>The opposing <span class="battle-nickname-foe" title="Tapu Fini">Tapu Fini</span> fainted!</div><div class="spacer"></div><div>pabby_g sent out Heracross!</div><div><small>Pointed stones dug into the opposing <span class="battle-nickname-foe" title="Heracross">Heracross</span>!</small></div><h2>Turn 20</h2><div class="spacer"></div><div><small>The opposing <span class="battle-nickname-foe" title="Heracross-Mega">Heracross</span>'s Heracronite is reacting to pabby_g's Mega Bracelet!<br>The opposing <span class="battle-nickname-foe" title="Heracross-Mega">Heracross</span> has Mega Evolved into Mega Heracross!</small></div><div class="spacer"></div><div><span class="battle-nickname" title="Mimikyu-Busted">Mimikyu</span> used <strong>Play Rough</strong>!</div><div><small>It's super effective! </small><small>The opposing <span class="battle-nickname-foe" title="Heracross-Mega">Heracross</span> lost 88% of its health!</small><br></div><div><small><span class="battle-nickname" title="Mimikyu-Busted">Mimikyu</span> lost some of its HP!</small></div><div class="spacer"></div><div>The opposing <span class="battle-nickname-foe" title="Heracross-Mega">Heracross</span> fainted!</div><div class="spacer"></div><div>pabby_g sent out Ho-Oh!</div><div><small>Pointed stones dug into the opposing <span class="battle-nickname-foe" title="Ho-Oh">Ho-Oh</span>!</small></div><h2>Turn 21</h2><div class="spacer"></div><div><span class="battle-nickname" title="Mimikyu-Busted">Mimikyu</span> used <strong>Shadow Claw</strong>!</div><div><small>A critical hit! </small><small>The opposing <span class="battle-nickname-foe" title="Ho-Oh">Ho-Oh</span> lost 51% of its health!</small><br></div><div><small><span class="battle-nickname" title="Mimikyu-Busted">Mimikyu</span> lost some of its HP!</small></div><div class="spacer"></div><div>The opposing <span class="battle-nickname-foe" title="Ho-Oh">Ho-Oh</span> fainted!</div><div class="spacer"></div><div><small>pabby_g forfeited.</small></div><div class="spacer"></div><div>King Dustin won the battle!</div><div class="chat"><small>pabby_g left.</small></div></div></div>
</div>
<script>
var daily = Math.floor(Date.now()/1000/60/60/24);document.write('<script src="https://play.pokemonshowdown.com/js/replay-embed.js?version'+daily+'"></'+'script>');
</script>
