<!DOCTYPE html>
<meta charset="utf-8" />
<!-- version 1 -->
<title>[Gen 7] Random Battle replay: QQQLaser vs. BillyBobWigenson</title>
<style>
html,body {font-family:Verdana, sans-serif;font-size:10pt;margin:0;padding:0;}body{padding:12px 0;} .battle-log {font-family:Verdana, sans-serif;font-size:10pt;} .battle-log-inline {border:1px solid #AAAAAA;background:#EEF2F5;color:black;max-width:640px;margin:0 auto 80px;padding-bottom:5px;} .battle-log .inner {padding:4px 8px 0px 8px;} .battle-log .inner-preempt {padding:0 8px 4px 8px;} .battle-log .inner-after {margin-top:0.5em;} .battle-log h2 {margin:0.5em -8px;padding:4px 8px;border:1px solid #AAAAAA;background:#E0E7EA;border-left:0;border-right:0;font-family:Verdana, sans-serif;font-size:13pt;} .battle-log .chat {vertical-align:middle;padding:3px 0 3px 0;font-size:8pt;} .battle-log .chat strong {color:#40576A;} .battle-log .chat em {padding:1px 4px 1px 3px;color:#000000;font-style:normal;} .chat.mine {background:rgba(0,0,0,0.05);margin-left:-8px;margin-right:-8px;padding-left:8px;padding-right:8px;} .spoiler {color:#BBBBBB;background:#BBBBBB;padding:0px 3px;} .spoiler:hover, .spoiler:active, .spoiler-shown {color:#000000;background:#E2E2E2;padding:0px 3px;} .spoiler a {color:#BBBBBB;} .spoiler:hover a, .spoiler:active a, .spoiler-shown a {color:#2288CC;} .chat code, .chat .spoiler:hover code, .chat .spoiler:active code, .chat .spoiler-shown code {border:1px solid #C0C0C0;background:#EEEEEE;color:black;padding:0 2px;} .chat .spoiler code {border:1px solid #CCCCCC;background:#CCCCCC;color:#CCCCCC;} .battle-log .rated {padding:3px 4px;} .battle-log .rated strong {color:white;background:#89A;padding:1px 4px;border-radius:4px;} .spacer {margin-top:0.5em;} .message-announce {background:#6688AA;color:white;padding:1px 4px 2px;} .message-announce a, .broadcast-green a, .broadcast-blue a, .broadcast-red a {color:#DDEEFF;} .broadcast-green {background-color:#559955;color:white;padding:2px 4px;} .broadcast-blue {background-color:#6688AA;color:white;padding:2px 4px;} .infobox {border:1px solid #6688AA;padding:2px 4px;} .infobox-limited {max-height:200px;overflow:auto;overflow-x:hidden;} .broadcast-red {background-color:#AA5544;color:white;padding:2px 4px;} .message-learn-canlearn {font-weight:bold;color:#228822;text-decoration:underline;} .message-learn-cannotlearn {font-weight:bold;color:#CC2222;text-decoration:underline;} .message-effect-weak {font-weight:bold;color:#CC2222;} .message-effect-resist {font-weight:bold;color:#6688AA;} .message-effect-immune {font-weight:bold;color:#666666;} .message-learn-list {margin-top:0;margin-bottom:0;} .message-throttle-notice, .message-error {color:#992222;} .message-overflow, .chat small.message-overflow {font-size:0pt;} .message-overflow::before {font-size:9pt;content:'...';} .subtle {color:#3A4A66;}
</style>
<div class="wrapper replay-wrapper" style="max-width:1180px;margin:0 auto">
<input type="hidden" name="replayid" value="gen7randombattle-566917691" />
<div class="battle"></div><div class="battle-log"></div><div class="replay-controls"></div><div class="replay-controls-2"></div>
<h1 style="font-weight:normal;text-align:center"><strong>[Gen 7] Random Battle</strong><br /><a href="http://pokemonshowdown.com/users/qqqlaser" class="subtle" target="_blank">QQQLaser</a> vs. <a href="http://pokemonshowdown.com/users/billybobwigenson" class="subtle" target="_blank">BillyBobWigenson</a></h1>
<script type="text/plain" class="battle-log-data">|j|QQQLaser
|j|BillyBobWigenson
|player|p1|QQQLaser|101
|player|p2|BillyBobWigenson|115
|gametype|singles
|gen|7
|tier|[Gen 7] Random Battle
|rated
|seed|19376,23461,50050,32817,14508,12327,50858,64560,62107,37857,3307,61920
|rule|Sleep Clause Mod: Limit one foe put to sleep
|rule|HP Percentage Mod: HP is shown in percentages
|
|start
|switch|p1a: Cobalion|Cobalion, L77|100\/100
|switch|p2a: Bewear|Bewear, L78, F|100\/100
|turn|1
|choice|move stealthrock|move hammerarm
|
|move|p1a: Cobalion|Stealth Rock|p2a: Bewear
|-sidestart|p2: BillyBobWigenson|move: Stealth Rock
|move|p2a: Bewear|Hammer Arm|p1a: Cobalion
|-supereffective|p1a: Cobalion
|-crit|p1a: Cobalion
|-damage|p1a: Cobalion|0 fnt
|-unboost|p2a: Bewear|spe|1
|faint|p1a: Cobalion
|
|upkeep
|choice|switch 2|
|
|switch|p1a: Kingler|Kingler, L79, F|100\/100
|turn|2
|choice|move swordsdance|move hammerarm
|
|move|p1a: Kingler|Swords Dance|p1a: Kingler
|-boost|p1a: Kingler|atk|2
|move|p2a: Bewear|Hammer Arm|p1a: Kingler
|-damage|p1a: Kingler|33\/100
|-unboost|p2a: Bewear|spe|1
|
|upkeep
|turn|3
|choice|move crabhammer|move hammerarm
|
|move|p1a: Kingler|Crabhammer|p2a: Bewear
|-damage|p2a: Bewear|45\/100
|-damage|p1a: Kingler|24\/100|[from] item: Life Orb
|move|p2a: Bewear|Hammer Arm|p1a: Kingler|[miss]
|-miss|p2a: Bewear|p1a: Kingler
|
|upkeep
|turn|4
|choice|move crabhammer|switch 5
|
|switch|p2a: Tangrowth|Tangrowth, L75, F|100\/100
|-damage|p2a: Tangrowth|88\/100|[from] Stealth Rock
|move|p1a: Kingler|Crabhammer|p2a: Tangrowth
|-resisted|p2a: Tangrowth
|-crit|p2a: Tangrowth
|-damage|p2a: Tangrowth|14\/100
|-damage|p1a: Kingler|14\/100|[from] item: Life Orb
|
|-heal|p2a: Tangrowth|20\/100|[from] item: Leftovers
|upkeep
|turn|5
|choice|move superpower|move synthesis
|
|move|p1a: Kingler|Superpower|p2a: Tangrowth
|-damage|p2a: Tangrowth|0 fnt
|-unboost|p1a: Kingler|atk|1
|-unboost|p1a: Kingler|def|1
|-damage|p1a: Kingler|4\/100|[from] item: Life Orb
|faint|p2a: Tangrowth
|
|upkeep
|choice||switch 2
|
|switch|p2a: Mightyena|Mightyena, L79, F|100\/100
|-damage|p2a: Mightyena|88\/100|[from] Stealth Rock
|-ability|p2a: Mightyena|Intimidate|boost
|-unboost|p1a: Kingler|atk|1
|turn|6
|choice|move superpower|move crunch
|
|move|p2a: Mightyena|Crunch|p1a: Kingler
|-damage|p1a: Kingler|0 fnt
|faint|p1a: Kingler
|
|upkeep
|choice|switch 6|
|
|switch|p1a: Hydreigon|Hydreigon, L77, F|100\/100
|turn|7
|choice|move superpower|switch 3
|
|switch|p2a: Spiritomb|Spiritomb, L79, M|100\/100
|-damage|p2a: Spiritomb|88\/100|[from] Stealth Rock
|move|p1a: Hydreigon|Superpower|p2a: Spiritomb
|-immune|p2a: Spiritomb|[msg]
|
|upkeep
|turn|8
|choice|move dracometeor|move darkpulse
|
|move|p1a: Hydreigon|Draco Meteor|p2a: Spiritomb|[miss]
|-miss|p1a: Hydreigon|p2a: Spiritomb
|move|p2a: Spiritomb|Dark Pulse|p1a: Hydreigon
|-resisted|p1a: Hydreigon
|-damage|p1a: Hydreigon|83\/100
|-damage|p2a: Spiritomb|78\/100|[from] item: Life Orb
|
|upkeep
|turn|9
|choice|move roost|move shadowsneak
|
|move|p2a: Spiritomb|Shadow Sneak|p1a: Hydreigon
|-resisted|p1a: Hydreigon
|-damage|p1a: Hydreigon|74\/100
|-damage|p2a: Spiritomb|69\/100|[from] item: Life Orb
|move|p1a: Hydreigon|Roost|p1a: Hydreigon
|-heal|p1a: Hydreigon|100\/100
|
|upkeep
|turn|10
|choice|move fireblast|move foulplay
|
|move|p1a: Hydreigon|Fire Blast|p2a: Spiritomb|[miss]
|-miss|p1a: Hydreigon|p2a: Spiritomb
|move|p2a: Spiritomb|Foul Play|p1a: Hydreigon
|-resisted|p1a: Hydreigon
|-damage|p1a: Hydreigon|79\/100
|-damage|p2a: Spiritomb|59\/100|[from] item: Life Orb
|
|upkeep
|turn|11
|choice|move fireblast|move foulplay
|
|move|p1a: Hydreigon|Fire Blast|p2a: Spiritomb|[miss]
|-miss|p1a: Hydreigon|p2a: Spiritomb
|move|p2a: Spiritomb|Foul Play|p1a: Hydreigon
|-resisted|p1a: Hydreigon
|-crit|p1a: Hydreigon
|-damage|p1a: Hydreigon|40\/100
|-damage|p2a: Spiritomb|50\/100|[from] item: Life Orb
|
|upkeep
|turn|12
|c|☆QQQLaser|really
|choice|move roost|switch 3
|
|switch|p2a: Mightyena|Mightyena, L79, F|88\/100
|-damage|p2a: Mightyena|75\/100|[from] Stealth Rock
|-ability|p2a: Mightyena|Intimidate|boost
|-unboost|p1a: Hydreigon|atk|1
|move|p1a: Hydreigon|Roost|p1a: Hydreigon
|-heal|p1a: Hydreigon|90\/100
|
|upkeep
|turn|13
|choice|move superpower|move playrough
|
|move|p2a: Mightyena|Play Rough|p1a: Hydreigon|[miss]
|-miss|p2a: Mightyena|p1a: Hydreigon
|move|p1a: Hydreigon|Superpower|p2a: Mightyena
|-supereffective|p2a: Mightyena
|-damage|p2a: Mightyena|8\/100
|-unboost|p1a: Hydreigon|atk|1
|-unboost|p1a: Hydreigon|def|1
|-damage|p1a: Hydreigon|81\/100|[from] item: Life Orb
|
|upkeep
|turn|14
|c|☆BillyBobWigenson|LOL
|choice|move superpower|move playrough
|
|move|p2a: Mightyena|Play Rough|p1a: Hydreigon
|-supereffective|p1a: Hydreigon
|-damage|p1a: Hydreigon|0 fnt
|faint|p1a: Hydreigon
|
|upkeep
|choice|switch 5|
|
|switch|p1a: Noivern|Noivern, L79, M|100\/100
|turn|15
|choice|move uturn|move playrough
|
|move|p1a: Noivern|U-turn|p2a: Mightyena
|-supereffective|p2a: Mightyena
|-damage|p2a: Mightyena|0 fnt
|-damage|p1a: Noivern|91\/100|[from] item: Life Orb
|faint|p2a: Mightyena
|choice|switch 4|
|
|switch|p1a: Walrein|Walrein, L79, M|100\/100
|
|upkeep
|choice||switch 6
|
|switch|p2a: Gallade|Gallade, L75, M|100\/100
|-damage|p2a: Gallade|94\/100|[from] Stealth Rock
|turn|16
|choice|move icebeam|move substitute mega
|
|detailschange|p2a: Gallade|Gallade-Mega, L75, M
|-mega|p2a: Gallade|Gallade|Galladite
|move|p2a: Gallade|Substitute|p2a: Gallade
|-start|p2a: Gallade|Substitute
|-damage|p2a: Gallade|70\/100
|move|p1a: Walrein|Ice Beam|p2a: Gallade
|-end|p2a: Gallade|Substitute
|
|upkeep
|turn|17
|choice|move icebeam|move drainpunch
|
|move|p2a: Gallade|Drain Punch|p1a: Walrein
|-supereffective|p1a: Walrein
|-damage|p1a: Walrein|34\/100
|-heal|p2a: Gallade|100\/100|[from] drain|[of] p1a: Walrein
|move|p1a: Walrein|Ice Beam|p2a: Gallade
|-damage|p2a: Gallade|67\/100
|
|-heal|p1a: Walrein|40\/100|[from] item: Leftovers
|upkeep
|turn|18
|choice|switch 4|move drainpunch
|
|switch|p1a: Noivern|Noivern, L79, M|91\/100
|move|p2a: Gallade|Drain Punch|p1a: Noivern
|-resisted|p1a: Noivern
|-damage|p1a: Noivern|67\/100
|-heal|p2a: Gallade|81\/100|[from] drain|[of] p1a: Noivern
|
|upkeep
|turn|19
|choice|move hurricane|switch 3
|
|switch|p2a: Spiritomb|Spiritomb, L79, M|50\/100
|-damage|p2a: Spiritomb|37\/100|[from] Stealth Rock
|move|p1a: Noivern|Hurricane|p2a: Spiritomb|[miss]
|-miss|p1a: Noivern|p2a: Spiritomb
|
|upkeep
|turn|20
|choice|move uturn|move shadowsneak
|
|move|p2a: Spiritomb|Shadow Sneak|p1a: Noivern
|-damage|p1a: Noivern|48\/100
|-damage|p2a: Spiritomb|28\/100|[from] item: Life Orb
|move|p1a: Noivern|U-turn|p2a: Spiritomb
|-damage|p2a: Spiritomb|7\/100
|-damage|p1a: Noivern|38\/100|[from] item: Life Orb
|choice|switch 4|
|
|switch|p1a: Walrein|Walrein, L79, M|40\/100
|
|-heal|p1a: Walrein|46\/100|[from] item: Leftovers
|upkeep
|turn|21
|choice|move icebeam|move darkpulse
|
|move|p1a: Walrein|Ice Beam|p2a: Spiritomb
|-damage|p2a: Spiritomb|0 fnt
|faint|p2a: Spiritomb
|
|-heal|p1a: Walrein|52\/100|[from] item: Leftovers
|upkeep
|choice||switch 3
|
|switch|p2a: Gallade|Gallade-Mega, L75, M|81\/100
|-damage|p2a: Gallade|74\/100|[from] Stealth Rock
|turn|22
|choice|switch 4|move drainpunch
|
|switch|p1a: Noivern|Noivern, L79, M|38\/100
|move|p2a: Gallade|Drain Punch|p1a: Noivern
|-resisted|p1a: Noivern
|-damage|p1a: Noivern|16\/100
|-heal|p2a: Gallade|87\/100|[from] drain|[of] p1a: Noivern
|
|upkeep
|turn|23
|choice|move hurricane|switch 5
|
|switch|p2a: Bewear|Bewear, L78, F|45\/100
|-damage|p2a: Bewear|39\/100|[from] Stealth Rock
|move|p1a: Noivern|Hurricane|p2a: Bewear
|-supereffective|p2a: Bewear
|-damage|p2a: Bewear|0 fnt
|-damage|p1a: Noivern|6\/100|[from] item: Life Orb
|faint|p2a: Bewear
|
|upkeep
|choice||switch 4
|
|switch|p2a: Cofagrigus|Cofagrigus, L79, F|100\/100
|-damage|p2a: Cofagrigus|88\/100|[from] Stealth Rock
|turn|24
|inactive|Battle timer is ON: inactive players will automatically lose when time's up. (requested by BillyBobWigenson)
|choice|move dracometeor|move shadowball
|
|move|p1a: Noivern|Draco Meteor|p2a: Cofagrigus
|-damage|p2a: Cofagrigus|25\/100
|-unboost|p1a: Noivern|spa|2
|-damage|p1a: Noivern|0 fnt|[from] item: Life Orb
|faint|p1a: Noivern
|move|p2a: Cofagrigus|Shadow Ball|p1: Noivern|[notarget]
|-notarget
|
|-heal|p2a: Cofagrigus|31\/100|[from] item: Leftovers
|upkeep
|choice|switch 3|
|
|switch|p1a: Gogoat|Gogoat, L79, F|100\/100
|turn|25
|choice|move substitute|move painsplit
|
|move|p1a: Gogoat|Substitute|p1a: Gogoat
|-start|p1a: Gogoat|Substitute
|-damage|p1a: Gogoat|75\/100
|move|p2a: Cofagrigus|Pain Split|p1a: Gogoat
|-fail|p1a: Gogoat
|
|-heal|p2a: Cofagrigus|37\/100|[from] item: Leftovers
|upkeep
|turn|26
|choice|move hornleech|move shadowball
|
|move|p1a: Gogoat|Horn Leech|p2a: Cofagrigus
|-damage|p2a: Cofagrigus|5\/100
|-heal|p1a: Gogoat|86\/100|[from] drain|[of] p2a: Cofagrigus
|-activate|p2a: Cofagrigus|ability: Mummy|Sap Sipper|[of] p1a: Gogoat
|-damage|p1a: Gogoat|76\/100|[from] item: Life Orb
|move|p2a: Cofagrigus|Shadow Ball|p1a: Gogoat
|-end|p1a: Gogoat|Substitute
|
|-heal|p2a: Cofagrigus|11\/100|[from] item: Leftovers
|upkeep
|turn|27
|choice|move hornleech|move shadowball
|
|move|p1a: Gogoat|Horn Leech|p2a: Cofagrigus
|-damage|p2a: Cofagrigus|0 fnt
|-heal|p1a: Gogoat|80\/100|[from] drain|[of] p2a: Cofagrigus
|-damage|p1a: Gogoat|70\/100|[from] item: Life Orb
|faint|p2a: Cofagrigus
|
|upkeep
|choice||switch 5
|
|switch|p2a: Gallade|Gallade-Mega, L75, M|87\/100
|-damage|p2a: Gallade|81\/100|[from] Stealth Rock
|turn|28
|choice|move hornleech|move drainpunch
|
|move|p2a: Gallade|Drain Punch|p1a: Gogoat
|-damage|p1a: Gogoat|28\/100
|-heal|p2a: Gallade|100\/100|[from] drain|[of] p1a: Gogoat
|-activate|p1a: Gogoat|ability: Mummy|Inner Focus|[of] p2a: Gallade
|move|p1a: Gogoat|Horn Leech|p2a: Gallade
|-crit|p2a: Gallade
|-damage|p2a: Gallade|35\/100
|-heal|p1a: Gogoat|51\/100|[from] drain|[of] p2a: Gallade
|-damage|p1a: Gogoat|41\/100|[from] item: Life Orb
|
|upkeep
|turn|29
|choice|move hornleech|move zenheadbutt
|
|move|p2a: Gallade|Zen Headbutt|p1a: Gogoat
|-damage|p1a: Gogoat|0 fnt
|faint|p1a: Gogoat
|
|upkeep
|c|☆BillyBobWigenson|gg ez
|choice|switch 4|
|
|switch|p1a: Walrein|Walrein, L79, M|52\/100
|turn|30
|c|☆QQQLaser|gg missess op
|choice|move icebeam|move drainpunch
|
|move|p2a: Gallade|Drain Punch|p1a: Walrein
|-supereffective|p1a: Walrein
|-damage|p1a: Walrein|0 fnt
|-heal|p2a: Gallade|70\/100|[from] drain|[of] p1a: Walrein
|faint|p1a: Walrein
|
|win|BillyBobWigenson
|raw|QQQLaser's rating: 1394 &rarr; <strong>1379<\/strong><br \/>(-15 for losing)
|raw|BillyBobWigenson's rating: 1479 &rarr; <strong>1494<\/strong><br \/>(+15 for winning)
|c|☆BillyBobWigenson|skill*
|c|☆QQQLaser|lol</script>
</div>
<div class="battle-log battle-log-inline"><div class="inner"><div class="chat"><small>QQQLaser joined.</small></div><div class="chat"><small>BillyBobWigenson joined.</small></div><div style="padding:5px 0"><small>Format:</small> <br><strong>[Gen 7] Random Battle</strong></div><div class="rated"><strong>Rated battle</strong></div><div><small><em>Sleep Clause Mod:</em> Limit one foe put to sleep</small></div><div><small><em>HP Percentage Mod:</em> HP is shown in percentages</small></div><div>Battle between QQQLaser and BillyBobWigenson started!</div><div class="spacer"></div><div>Go! Cobalion!</div><div class="spacer"></div><div>BillyBobWigenson sent out Bewear!</div><h2>Turn 1</h2><div class="spacer"></div><div><span class="battle-nickname" title="Cobalion">Cobalion</span> used <strong>Stealth Rock</strong>!</div><div><small>Pointed stones float in the air around the opposing team!</small></div><div class="spacer"></div><div>The opposing <span class="battle-nickname-foe" title="Bewear">Bewear</span> used <strong>Hammer Arm</strong>!</div><div><small>It's super effective! A critical hit! </small><small><span class="battle-nickname" title="Cobalion">Cobalion</span> lost 100% of its health!</small><br></div><div><small>The opposing <span class="battle-nickname-foe" title="Bewear">Bewear</span>'s Speed fell! </small></div><div class="spacer"></div><div><span class="battle-nickname" title="Cobalion">Cobalion</span> fainted!</div><div class="spacer"></div><div>Go! Kingler!</div><h2>Turn 2</h2><div class="spacer"></div><div><span class="battle-nickname" title="Kingler">Kingler</span> used <strong>Swords Dance</strong>!</div><div><small><span class="battle-nickname" title="Kingler">Kingler</span>'s Attack rose sharply! </small></div><div class="spacer"></div><div>The opposing <span class="battle-nickname-foe" title="Bewear">Bewear</span> used <strong>Hammer Arm</strong>!</div><div><small><span class="battle-nickname" title="Kingler">Kingler</span> lost 67% of its health!</small><br></div><div><small>The opposing <span class="battle-nickname-foe" title="Bewear">Bewear</span>'s Speed fell! </small></div><h2>Turn 3</h2><div class="spacer"></div><div><span class="battle-nickname" title="Kingler">Kingler</span> used <strong>Crabhammer</strong>!</div><div><small>The opposing <span class="battle-nickname-foe" title="Bewear">Bewear</span> lost 55% of its health!</small><br></div><div><small><span class="battle-nickname" title="Kingler">Kingler</span> lost some of its HP!</small></div><div class="spacer"></div><div>The opposing <span class="battle-nickname-foe" title="Bewear">Bewear</span> used <strong>Hammer Arm</strong>!</div><div><small><span class="battle-nickname" title="Kingler">Kingler</span> avoided the attack!</small></div><h2>Turn 4</h2><div class="spacer"></div><div>BillyBobWigenson withdrew Bewear!</div><div class="spacer"></div><div>BillyBobWigenson sent out Tangrowth!</div><div><small>Pointed stones dug into the opposing <span class="battle-nickname-foe" title="Tangrowth">Tangrowth</span>!</small></div><div class="spacer"></div><div><span class="battle-nickname" title="Kingler">Kingler</span> used <strong>Crabhammer</strong>!</div><div><small>It's not very effective... A critical hit! </small><small>The opposing <span class="battle-nickname-foe" title="Tangrowth">Tangrowth</span> lost 74% of its health!</small><br></div><div><small><span class="battle-nickname" title="Kingler">Kingler</span> lost some of its HP!</small></div><div class="spacer"></div><div><small>The opposing <span class="battle-nickname-foe" title="Tangrowth">Tangrowth</span> restored a little HP using its Leftovers!</small></div><h2>Turn 5</h2><div class="spacer"></div><div><span class="battle-nickname" title="Kingler">Kingler</span> used <strong>Superpower</strong>!</div><div><small>The opposing <span class="battle-nickname-foe" title="Tangrowth">Tangrowth</span> lost 20% of its health!</small><br></div><div><small><span class="battle-nickname" title="Kingler">Kingler</span>'s Attack fell! <span class="battle-nickname" title="Kingler">Kingler</span>'s Defense fell! </small></div><div><small><span class="battle-nickname" title="Kingler">Kingler</span> lost some of its HP!</small></div><div class="spacer"></div><div>The opposing <span class="battle-nickname-foe" title="Tangrowth">Tangrowth</span> fainted!</div><div class="spacer"></div><div>BillyBobWigenson sent out Mightyena!</div><div><small>Pointed stones dug into the opposing <span class="battle-nickname-foe" title="Mightyena">Mightyena</span>!</small></div><div><small>[Opposing <span class="battle-nickname-foe" title="Mightyena">Mightyena</span>'s Intimidate!]</small></div><div><small><span class="battle-nickname" title="Kingler">Kingler</span>'s Attack fell! </small></div><h2>Turn 6</h2><div class="spacer"></div><div>The opposing <span class="battle-nickname-foe" title="Mightyena">Mightyena</span> used <strong>Crunch</strong>!</div><div><small><span class="battle-nickname" title="Kingler">Kingler</span> lost 4% of its health!</small><br></div><div class="spacer"></div><div><span class="battle-nickname" title="Kingler">Kingler</span> fainted!</div><div class="spacer"></div><div>Go! Hydreigon!</div><h2>Turn 7</h2><div class="spacer"></div><div>BillyBobWigenson withdrew Mightyena!</div><div class="spacer"></div><div>BillyBobWigenson sent out Spiritomb!</div><div><small>Pointed stones dug into the opposing <span class="battle-nickname-foe" title="Spiritomb">Spiritomb</span>!</small></div><div class="spacer"></div><div><span class="battle-nickname" title="Hydreigon">Hydreigon</span> used <strong>Superpower</strong>!</div><div><small>It doesn't affect the opposing <span class="battle-nickname-foe" title="Spiritomb">Spiritomb</span>... </small></div><h2>Turn 8</h2><div class="spacer"></div><div><span class="battle-nickname" title="Hydreigon">Hydreigon</span> used <strong>Draco Meteor</strong>!</div><div><small>The opposing <span class="battle-nickname-foe" title="Spiritomb">Spiritomb</span> avoided the attack!</small></div><div class="spacer"></div><div>The opposing <span class="battle-nickname-foe" title="Spiritomb">Spiritomb</span> used <strong>Dark Pulse</strong>!</div><div><small>It's not very effective... </small><small><span class="battle-nickname" title="Hydreigon">Hydreigon</span> lost 17% of its health!</small><br></div><div><small>The opposing <span class="battle-nickname-foe" title="Spiritomb">Spiritomb</span> lost some of its HP!</small></div><h2>Turn 9</h2><div class="spacer"></div><div>The opposing <span class="battle-nickname-foe" title="Spiritomb">Spiritomb</span> used <strong>Shadow Sneak</strong>!</div><div><small>It's not very effective... </small><small><span class="battle-nickname" title="Hydreigon">Hydreigon</span> lost 9% of its health!</small><br></div><div><small>The opposing <span class="battle-nickname-foe" title="Spiritomb">Spiritomb</span> lost some of its HP!</small></div><div class="spacer"></div><div><span class="battle-nickname" title="Hydreigon">Hydreigon</span> used <strong>Roost</strong>!</div><div><small><span class="battle-nickname" title="Hydreigon">Hydreigon</span> restored its HP.</small></div><h2>Turn 10</h2><div class="spacer"></div><div><span class="battle-nickname" title="Hydreigon">Hydreigon</span> used <strong>Fire Blast</strong>!</div><div><small>The opposing <span class="battle-nickname-foe" title="Spiritomb">Spiritomb</span> avoided the attack!</small></div><div class="spacer"></div><div>The opposing <span class="battle-nickname-foe" title="Spiritomb">Spiritomb</span> used <strong>Foul Play</strong>!</div><div><small>It's not very effective... </small><small><span class="battle-nickname" title="Hydreigon">Hydreigon</span> lost 21% of its health!</small><br></div><div><small>The opposing <span class="battle-nickname-foe" title="Spiritomb">Spiritomb</span> lost some of its HP!</small></div><h2>Turn 11</h2><div class="spacer"></div><div><span class="battle-nickname" title="Hydreigon">Hydreigon</span> used <strong>Fire Blast</strong>!</div><div><small>The opposing <span class="battle-nickname-foe" title="Spiritomb">Spiritomb</span> avoided the attack!</small></div><div class="spacer"></div><div>The opposing <span class="battle-nickname-foe" title="Spiritomb">Spiritomb</span> used <strong>Foul Play</strong>!</div><div><small>It's not very effective... A critical hit! </small><small><span class="battle-nickname" title="Hydreigon">Hydreigon</span> lost 39% of its health!</small><br></div><div><small>The opposing <span class="battle-nickname-foe" title="Spiritomb">Spiritomb</span> lost some of its HP!</small></div><h2>Turn 12</h2><div class="chat chatmessage-qqqlaser"><strong style="color:hsl(233,43.2509728%,51.2509728%);"><small>☆</small><span class="username" data-name="QQQLaser">QQQLaser</span>:</strong> <em>really</em></div><div class="spacer"></div><div>BillyBobWigenson withdrew Spiritomb!</div><div class="spacer"></div><div>BillyBobWigenson sent out Mightyena!</div><div><small>Pointed stones dug into the opposing <span class="battle-nickname-foe" title="Mightyena">Mightyena</span>!</small></div><div><small>[Opposing <span class="battle-nickname-foe" title="Mightyena">Mightyena</span>'s Intimidate!]</small></div><div><small><span class="battle-nickname" title="Hydreigon">Hydreigon</span>'s Attack fell! </small></div><div class="spacer"></div><div><span class="battle-nickname" title="Hydreigon">Hydreigon</span> used <strong>Roost</strong>!</div><div><small><span class="battle-nickname" title="Hydreigon">Hydreigon</span> restored its HP.</small></div><h2>Turn 13</h2><div class="spacer"></div><div>The opposing <span class="battle-nickname-foe" title="Mightyena">Mightyena</span> used <strong>Play Rough</strong>!</div><div><small><span class="battle-nickname" title="Hydreigon">Hydreigon</span> avoided the attack!</small></div><div class="spacer"></div><div><span class="battle-nickname" title="Hydreigon">Hydreigon</span> used <strong>Superpower</strong>!</div><div><small>It's super effective! </small><small>The opposing <span class="battle-nickname-foe" title="Mightyena">Mightyena</span> lost 67% of its health!</small><br></div><div><small><span class="battle-nickname" title="Hydreigon">Hydreigon</span>'s Attack fell! <span class="battle-nickname" title="Hydreigon">Hydreigon</span>'s Defense fell! </small></div><div><small><span class="battle-nickname" title="Hydreigon">Hydreigon</span> lost some of its HP!</small></div><h2>Turn 14</h2><div class="chat chatmessage-billybobwigenson"><strong style="color:hsl(121,74%,44%);"><small>☆</small><span class="username" data-name="BillyBobWigenson">BillyBobWigenson</span>:</strong> <em>LOL</em></div><div class="spacer"></div><div>The opposing <span class="battle-nickname-foe" title="Mightyena">Mightyena</span> used <strong>Play Rough</strong>!</div><div><small>It's super effective! </small><small><span class="battle-nickname" title="Hydreigon">Hydreigon</span> lost 81% of its health!</small><br></div><div class="spacer"></div><div><span class="battle-nickname" title="Hydreigon">Hydreigon</span> fainted!</div><div class="spacer"></div><div>Go! Noivern!</div><h2>Turn 15</h2><div class="spacer"></div><div><span class="battle-nickname" title="Noivern">Noivern</span> used <strong>U-turn</strong>!</div><div><small>It's super effective! </small><small>The opposing <span class="battle-nickname-foe" title="Mightyena">Mightyena</span> lost 8% of its health!</small><br></div><div><small><span class="battle-nickname" title="Noivern">Noivern</span> lost some of its HP!</small></div><div class="spacer"></div><div>The opposing <span class="battle-nickname-foe" title="Mightyena">Mightyena</span> fainted!</div><div class="spacer"></div><div><span class="battle-nickname" title="Noivern">Noivern</span> went back to QQQLaser!</div><div class="spacer"></div><div>Go! Walrein!</div><div class="spacer"></div><div>BillyBobWigenson sent out Gallade!</div><div><small>Pointed stones dug into the opposing <span class="battle-nickname-foe" title="Gallade">Gallade</span>!</small></div><h2>Turn 16</h2><div class="spacer"></div><div><small>The opposing <span class="battle-nickname-foe" title="Gallade-Mega">Gallade</span>'s Galladite is reacting to BillyBobWigenson's Mega Bracelet!<br>The opposing <span class="battle-nickname-foe" title="Gallade-Mega">Gallade</span> has Mega Evolved into Mega Gallade!</small></div><div class="spacer"></div><div>The opposing <span class="battle-nickname-foe" title="Gallade-Mega">Gallade</span> used <strong>Substitute</strong>!</div><div><small>The opposing <span class="battle-nickname-foe" title="Gallade-Mega">Gallade</span> put in a substitute!</small></div><div><small>The opposing <span class="battle-nickname-foe" title="Gallade-Mega">Gallade</span> lost 24% of its health!</small><br></div><div class="spacer"></div><div><span class="battle-nickname" title="Walrein">Walrein</span> used <strong>Ice Beam</strong>!</div><div><small>The opposing <span class="battle-nickname-foe" title="Gallade-Mega">Gallade</span>'s substitute faded!</small></div><h2>Turn 17</h2><div class="spacer"></div><div>The opposing <span class="battle-nickname-foe" title="Gallade-Mega">Gallade</span> used <strong>Drain Punch</strong>!</div><div><small>It's super effective! </small><small><span class="battle-nickname" title="Walrein">Walrein</span> lost 66% of its health!</small><br></div><div><small><span class="battle-nickname" title="Walrein">Walrein</span> had its energy drained!</small></div><div class="spacer"></div><div><span class="battle-nickname" title="Walrein">Walrein</span> used <strong>Ice Beam</strong>!</div><div><small>The opposing <span class="battle-nickname-foe" title="Gallade-Mega">Gallade</span> lost 33% of its health!</small><br></div><div class="spacer"></div><div><small><span class="battle-nickname" title="Walrein">Walrein</span> restored a little HP using its Leftovers!</small></div><h2>Turn 18</h2><div class="spacer"></div><div><span class="battle-nickname" title="Walrein">Walrein</span>, come back!</div><div class="spacer"></div><div>Go! Noivern!</div><div class="spacer"></div><div>The opposing <span class="battle-nickname-foe" title="Gallade-Mega">Gallade</span> used <strong>Drain Punch</strong>!</div><div><small>It's not very effective... </small><small><span class="battle-nickname" title="Noivern">Noivern</span> lost 24% of its health!</small><br></div><div><small><span class="battle-nickname" title="Noivern">Noivern</span> had its energy drained!</small></div><h2>Turn 19</h2><div class="spacer"></div><div>BillyBobWigenson withdrew <span class="battle-nickname-foe" title="Gallade-Mega">Gallade <small>(Gallade-Mega)</small></span>!</div><div class="spacer"></div><div>BillyBobWigenson sent out Spiritomb!</div><div><small>Pointed stones dug into the opposing <span class="battle-nickname-foe" title="Spiritomb">Spiritomb</span>!</small></div><div class="spacer"></div><div><span class="battle-nickname" title="Noivern">Noivern</span> used <strong>Hurricane</strong>!</div><div><small>The opposing <span class="battle-nickname-foe" title="Spiritomb">Spiritomb</span> avoided the attack!</small></div><h2>Turn 20</h2><div class="spacer"></div><div>The opposing <span class="battle-nickname-foe" title="Spiritomb">Spiritomb</span> used <strong>Shadow Sneak</strong>!</div><div><small><span class="battle-nickname" title="Noivern">Noivern</span> lost 19% of its health!</small><br></div><div><small>The opposing <span class="battle-nickname-foe" title="Spiritomb">Spiritomb</span> lost some of its HP!</small></div><div class="spacer"></div><div><span class="battle-nickname" title="Noivern">Noivern</span> used <strong>U-turn</strong>!</div><div><small>The opposing <span class="battle-nickname-foe" title="Spiritomb">Spiritomb</span> lost 21% of its health!</small><br></div><div><small><span class="battle-nickname" title="Noivern">Noivern</span> lost some of its HP!</small></div><div class="spacer"></div><div><span class="battle-nickname" title="Noivern">Noivern</span> went back to QQQLaser!</div><div class="spacer"></div><div>Go! Walrein!</div><div class="spacer"></div><div><small><span class="battle-nickname" title="Walrein">Walrein</span> restored a little HP using its Leftovers!</small></div><h2>Turn 21</h2><div class="spacer"></div><div><span class="battle-nickname" title="Walrein">Walrein</span> used <strong>Ice Beam</strong>!</div><div><small>The opposing <span class="battle-nickname-foe" title="Spiritomb">Spiritomb</span> lost 7% of its health!</small><br></div><div class="spacer"></div><div>The opposing <span class="battle-nickname-foe" title="Spiritomb">Spiritomb</span> fainted!</div><div class="spacer"></div><div><small><span class="battle-nickname" title="Walrein">Walrein</span> restored a little HP using its Leftovers!</small></div><div class="spacer"></div><div>BillyBobWigenson sent out <span class="battle-nickname-foe" title="Gallade-Mega">Gallade <small>(Gallade-Mega)</small></span>!</div><div><small>Pointed stones dug into the opposing <span class="battle-nickname-foe" title="Gallade-Mega">Gallade</span>!</small></div><h2>Turn 22</h2><div class="spacer"></div><div><span class="battle-nickname" title="Walrein">Walrein</span>, come back!</div><div class="spacer"></div><div>Go! Noivern!</div><div class="spacer"></div><div>The opposing <span class="battle-nickname-foe" title="Gallade-Mega">Gallade</span> used <strong>Drain Punch</strong>!</div><div><small>It's not very effective... </small><small><span class="battle-nickname" title="Noivern">Noivern</span> lost 22% of its health!</small><br></div><div><small><span class="battle-nickname" title="Noivern">Noivern</span> had its energy drained!</small></div><h2>Turn 23</h2><div class="spacer"></div><div>BillyBobWigenson withdrew <span class="battle-nickname-foe" title="Gallade-Mega">Gallade <small>(Gallade-Mega)</small></span>!</div><div class="spacer"></div><div>BillyBobWigenson sent out Bewear!</div><div><small>Pointed stones dug into the opposing <span class="battle-nickname-foe" title="Bewear">Bewear</span>!</small></div><div class="spacer"></div><div><span class="battle-nickname" title="Noivern">Noivern</span> used <strong>Hurricane</strong>!</div><div><small>It's super effective! </small><small>The opposing <span class="battle-nickname-foe" title="Bewear">Bewear</span> lost 39% of its health!</small><br></div><div><small><span class="battle-nickname" title="Noivern">Noivern</span> lost some of its HP!</small></div><div class="spacer"></div><div>The opposing <span class="battle-nickname-foe" title="Bewear">Bewear</span> fainted!</div><div class="spacer"></div><div>BillyBobWigenson sent out Cofagrigus!</div><div><small>Pointed stones dug into the opposing <span class="battle-nickname-foe" title="Cofagrigus">Cofagrigus</span>!</small></div><h2>Turn 24</h2><div class="chat message-error">Battle timer is ON: inactive players will automatically lose when time's up. (requested by BillyBobWigenson)</div><div class="spacer"></div><div><span class="battle-nickname" title="Noivern">Noivern</span> used <strong>Draco Meteor</strong>!</div><div><small>The opposing <span class="battle-nickname-foe" title="Cofagrigus">Cofagrigus</span> lost 63% of its health!</small><br></div><div><small><span class="battle-nickname" title="Noivern">Noivern</span>'s Special Attack fell harshly! </small></div><div><small><span class="battle-nickname" title="Noivern">Noivern</span> lost some of its HP!</small></div><div class="spacer"></div><div><span class="battle-nickname" title="Noivern">Noivern</span> fainted!</div><div class="spacer"></div><div>The opposing <span class="battle-nickname-foe" title="Cofagrigus">Cofagrigus</span> used <strong>Shadow Ball</strong>!</div><div><small>But it failed!</small></div><div class="spacer"></div><div><small>The opposing <span class="battle-nickname-foe" title="Cofagrigus">Cofagrigus</span> restored a little HP using its Leftovers!</small></div><div class="spacer"></div><div>Go! Gogoat!</div><h2>Turn 25</h2><div class="spacer"></div><div><span class="battle-nickname" title="Gogoat">Gogoat</span> used <strong>Substitute</strong>!</div><div><small><span class="battle-nickname" title="Gogoat">Gogoat</span> put in a substitute!</small></div><div><small><span class="battle-nickname" title="Gogoat">Gogoat</span> lost 25% of its health!</small><br></div><div class="spacer"></div><div>The opposing <span class="battle-nickname-foe" title="Cofagrigus">Cofagrigus</span> used <strong>Pain Split</strong>!</div><div><small>But it failed!</small></div><div class="spacer"></div><div><small>The opposing <span class="battle-nickname-foe" title="Cofagrigus">Cofagrigus</span> restored a little HP using its Leftovers!</small></div><h2>Turn 26</h2><div class="spacer"></div><div><span class="battle-nickname" title="Gogoat">Gogoat</span> used <strong>Horn Leech</strong>!</div><div><small>The opposing <span class="battle-nickname-foe" title="Cofagrigus">Cofagrigus</span> lost 32% of its health!</small><br></div><div><small>The opposing <span class="battle-nickname-foe" title="Cofagrigus">Cofagrigus</span> had its energy drained!</small></div><div><small>[Opposing <span class="battle-nickname-foe" title="Cofagrigus">Cofagrigus</span>'s Mummy!]</small></div><div><small>[<span class="battle-nickname" title="Gogoat">Gogoat</span>'s Sap Sipper!]</small></div><div><small>[<span class="battle-nickname" title="Gogoat">Gogoat</span>'s Mummy!]</small></div><div><small><span class="battle-nickname" title="Gogoat">Gogoat</span>'s Ability became Mummy!</small></div><div><small><span class="battle-nickname" title="Gogoat">Gogoat</span> lost some of its HP!</small></div><div class="spacer"></div><div>The opposing <span class="battle-nickname-foe" title="Cofagrigus">Cofagrigus</span> used <strong>Shadow Ball</strong>!</div><div><small><span class="battle-nickname" title="Gogoat">Gogoat</span>'s substitute faded!</small></div><div class="spacer"></div><div><small>The opposing <span class="battle-nickname-foe" title="Cofagrigus">Cofagrigus</span> restored a little HP using its Leftovers!</small></div><h2>Turn 27</h2><div class="spacer"></div><div><span class="battle-nickname" title="Gogoat">Gogoat</span> used <strong>Horn Leech</strong>!</div><div><small>The opposing <span class="battle-nickname-foe" title="Cofagrigus">Cofagrigus</span> lost 11% of its health!</small><br></div><div><small>The opposing <span class="battle-nickname-foe" title="Cofagrigus">Cofagrigus</span> had its energy drained!</small></div><div><small><span class="battle-nickname" title="Gogoat">Gogoat</span> lost some of its HP!</small></div><div class="spacer"></div><div>The opposing <span class="battle-nickname-foe" title="Cofagrigus">Cofagrigus</span> fainted!</div><div class="spacer"></div><div>BillyBobWigenson sent out <span class="battle-nickname-foe" title="Gallade-Mega">Gallade <small>(Gallade-Mega)</small></span>!</div><div><small>Pointed stones dug into the opposing <span class="battle-nickname-foe" title="Gallade-Mega">Gallade</span>!</small></div><h2>Turn 28</h2><div class="spacer"></div><div>The opposing <span class="battle-nickname-foe" title="Gallade-Mega">Gallade</span> used <strong>Drain Punch</strong>!</div><div><small><span class="battle-nickname" title="Gogoat">Gogoat</span> lost 42% of its health!</small><br></div><div><small><span class="battle-nickname" title="Gogoat">Gogoat</span> had its energy drained!</small></div><div><small>[<span class="battle-nickname" title="Gogoat">Gogoat</span>'s Mummy!]</small></div><div><small>[Opposing <span class="battle-nickname-foe" title="Gallade-Mega">Gallade</span>'s Inner Focus!]</small></div><div><small>[Opposing <span class="battle-nickname-foe" title="Gallade-Mega">Gallade</span>'s Mummy!]</small></div><div><small>The opposing <span class="battle-nickname-foe" title="Gallade-Mega">Gallade</span>'s Ability became Mummy!</small></div><div class="spacer"></div><div><span class="battle-nickname" title="Gogoat">Gogoat</span> used <strong>Horn Leech</strong>!</div><div><small>A critical hit! </small><small>The opposing <span class="battle-nickname-foe" title="Gallade-Mega">Gallade</span> lost 65% of its health!</small><br></div><div><small>The opposing <span class="battle-nickname-foe" title="Gallade-Mega">Gallade</span> had its energy drained!</small></div><div><small><span class="battle-nickname" title="Gogoat">Gogoat</span> lost some of its HP!</small></div><h2>Turn 29</h2><div class="spacer"></div><div>The opposing <span class="battle-nickname-foe" title="Gallade-Mega">Gallade</span> used <strong>Zen Headbutt</strong>!</div><div><small><span class="battle-nickname" title="Gogoat">Gogoat</span> lost 41% of its health!</small><br></div><div class="spacer"></div><div><span class="battle-nickname" title="Gogoat">Gogoat</span> fainted!</div><div class="chat chatmessage-billybobwigenson"><strong style="color:hsl(121,74%,44%);"><small>☆</small><span class="username" data-name="BillyBobWigenson">BillyBobWigenson</span>:</strong> <em>gg ez</em></div><div class="spacer"></div><div>Go! Walrein!</div><h2>Turn 30</h2><div class="chat chatmessage-qqqlaser"><strong style="color:hsl(233,43.2509728%,51.2509728%);"><small>☆</small><span class="username" data-name="QQQLaser">QQQLaser</span>:</strong> <em>gg missess op</em></div><div class="spacer"></div><div>The opposing <span class="battle-nickname-foe" title="Gallade-Mega">Gallade</span> used <strong>Drain Punch</strong>!</div><div><small>It's super effective! </small><small><span class="battle-nickname" title="Walrein">Walrein</span> lost 52% of its health!</small><br></div><div><small><span class="battle-nickname" title="Walrein">Walrein</span> had its energy drained!</small></div><div class="spacer"></div><div><span class="battle-nickname" title="Walrein">Walrein</span> fainted!</div><div class="spacer"></div><div>BillyBobWigenson won the battle!</div><div class="chat">QQQLaser's rating: 1394 → <strong>1379</strong><br>(-15 for losing)</div><div class="chat">BillyBobWigenson's rating: 1479 → <strong>1494</strong><br>(+15 for winning)</div><div class="chat chatmessage-billybobwigenson"><strong style="color:hsl(121,74%,44%);"><small>☆</small><span class="username" data-name="BillyBobWigenson">BillyBobWigenson</span>:</strong> <em>skill*</em></div><div class="chat chatmessage-qqqlaser"><strong style="color:hsl(233,43.2509728%,51.2509728%);"><small>☆</small><span class="username" data-name="QQQLaser">QQQLaser</span>:</strong> <em>lol</em></div></div></div>
</div>
<script>
var daily = Math.floor(Date.now()/1000/60/60/24);document.write('<script src="https://play.pokemonshowdown.com/js/replay-embed.js?version'+daily+'"></'+'script>');
</script>
