<!DOCTYPE html>
<meta charset="utf-8" />
<!-- version 1 -->
<title>[Gen 7] Random Battle replay: gabe00k7f vs. Masters of Pokemon</title>
<style>
html,body {font-family:Verdana, sans-serif;font-size:10pt;margin:0;padding:0;}body{padding:12px 0;} .battle-log {font-family:Verdana, sans-serif;font-size:10pt;} .battle-log-inline {border:1px solid #AAAAAA;background:#EEF2F5;color:black;max-width:640px;margin:0 auto 80px;padding-bottom:5px;} .battle-log .inner {padding:4px 8px 0px 8px;} .battle-log .inner-preempt {padding:0 8px 4px 8px;} .battle-log .inner-after {margin-top:0.5em;} .battle-log h2 {margin:0.5em -8px;padding:4px 8px;border:1px solid #AAAAAA;background:#E0E7EA;border-left:0;border-right:0;font-family:Verdana, sans-serif;font-size:13pt;} .battle-log .chat {vertical-align:middle;padding:3px 0 3px 0;font-size:8pt;} .battle-log .chat strong {color:#40576A;} .battle-log .chat em {padding:1px 4px 1px 3px;color:#000000;font-style:normal;} .chat.mine {background:rgba(0,0,0,0.05);margin-left:-8px;margin-right:-8px;padding-left:8px;padding-right:8px;} .spoiler {color:#BBBBBB;background:#BBBBBB;padding:0px 3px;} .spoiler:hover, .spoiler:active, .spoiler-shown {color:#000000;background:#E2E2E2;padding:0px 3px;} .spoiler a {color:#BBBBBB;} .spoiler:hover a, .spoiler:active a, .spoiler-shown a {color:#2288CC;} .chat code, .chat .spoiler:hover code, .chat .spoiler:active code, .chat .spoiler-shown code {border:1px solid #C0C0C0;background:#EEEEEE;color:black;padding:0 2px;} .chat .spoiler code {border:1px solid #CCCCCC;background:#CCCCCC;color:#CCCCCC;} .battle-log .rated {padding:3px 4px;} .battle-log .rated strong {color:white;background:#89A;padding:1px 4px;border-radius:4px;} .spacer {margin-top:0.5em;} .message-announce {background:#6688AA;color:white;padding:1px 4px 2px;} .message-announce a, .broadcast-green a, .broadcast-blue a, .broadcast-red a {color:#DDEEFF;} .broadcast-green {background-color:#559955;color:white;padding:2px 4px;} .broadcast-blue {background-color:#6688AA;color:white;padding:2px 4px;} .infobox {border:1px solid #6688AA;padding:2px 4px;} .infobox-limited {max-height:200px;overflow:auto;overflow-x:hidden;} .broadcast-red {background-color:#AA5544;color:white;padding:2px 4px;} .message-learn-canlearn {font-weight:bold;color:#228822;text-decoration:underline;} .message-learn-cannotlearn {font-weight:bold;color:#CC2222;text-decoration:underline;} .message-effect-weak {font-weight:bold;color:#CC2222;} .message-effect-resist {font-weight:bold;color:#6688AA;} .message-effect-immune {font-weight:bold;color:#666666;} .message-learn-list {margin-top:0;margin-bottom:0;} .message-throttle-notice, .message-error {color:#992222;} .message-overflow, .chat small.message-overflow {font-size:0pt;} .message-overflow::before {font-size:9pt;content:'...';} .subtle {color:#3A4A66;}
</style>
<div class="wrapper replay-wrapper" style="max-width:1180px;margin:0 auto">
<input type="hidden" name="replayid" value="gen7randombattle-566599284" />
<div class="battle"></div><div class="battle-log"></div><div class="replay-controls"></div><div class="replay-controls-2"></div>
<h1 style="font-weight:normal;text-align:center"><strong>[Gen 7] Random Battle</strong><br /><a href="http://pokemonshowdown.com/users/gabe00k7f" class="subtle" target="_blank">gabe00k7f</a> vs. <a href="http://pokemonshowdown.com/users/mastersofpokemon" class="subtle" target="_blank">Masters of Pokemon</a></h1>
<script type="text/plain" class="battle-log-data">|j|gabe00k7f
|j|Masters of Pokemon
|player|p1|gabe00k7f|110
|player|p2|Masters of Pokemon|52
|gametype|singles
|gen|7
|tier|[Gen 7] Random Battle
|rated
|seed|50039,26934,65113,42401,47521,58847,63619,49441,3245,37162,21982,56414
|rule|Sleep Clause Mod: Limit one foe put to sleep
|rule|HP Percentage Mod: HP is shown in percentages
|
|start
|switch|p1a: Mew|Mew, L77|100\/100
|switch|p2a: Grumpig|Grumpig, L79, M|100\/100
|turn|1
|choice|move aurasphere|move psychic
|
|move|p1a: Mew|Aura Sphere|p2a: Grumpig
|-resisted|p2a: Grumpig
|-damage|p2a: Grumpig|92\/100
|move|p2a: Grumpig|Psychic|p1a: Mew
|-resisted|p1a: Mew
|-damage|p1a: Mew|87\/100
|-unboost|p1a: Mew|spd|1
|
|-heal|p1a: Mew|93\/100|[from] item: Leftovers
|upkeep
|turn|2
|choice|move nastyplot|switch 2
|
|switch|p2a: Feraligatr|Feraligatr, L78, M|100\/100
|move|p1a: Mew|Nasty Plot|p1a: Mew
|-boost|p1a: Mew|spa|2
|
|-heal|p1a: Mew|99\/100|[from] item: Leftovers
|upkeep
|turn|3
|choice|move psyshock|move icepunch
|
|move|p1a: Mew|Psyshock|p2a: Feraligatr
|-damage|p2a: Feraligatr|46\/100
|move|p2a: Feraligatr|Ice Punch|p1a: Mew
|-damage|p1a: Mew|69\/100
|
|-heal|p1a: Mew|75\/100|[from] item: Leftovers
|upkeep
|turn|4
|choice|move psyshock|move aquajet
|
|move|p2a: Feraligatr|Aqua Jet|p1a: Mew
|-damage|p1a: Mew|57\/100
|-damage|p2a: Feraligatr|36\/100|[from] item: Life Orb
|move|p1a: Mew|Psyshock|p2a: Feraligatr
|-damage|p2a: Feraligatr|0 fnt
|faint|p2a: Feraligatr
|
|-heal|p1a: Mew|63\/100|[from] item: Leftovers
|upkeep
|choice||switch 6
|
|switch|p2a: Victini|Victini, L76|100\/100
|turn|5
|choice|move psyshock|move blueflare
|
|move|p1a: Mew|Psyshock|p2a: Victini
|-resisted|p2a: Victini
|-damage|p2a: Victini|73\/100
|move|p2a: Victini|Blue Flare|p1a: Mew
|-damage|p1a: Mew|5\/100
|
|-heal|p1a: Mew|11\/100|[from] item: Leftovers
|upkeep
|turn|6
|choice|move psyshock|move vcreate
|
|move|p1a: Mew|Psyshock|p2a: Victini
|-resisted|p2a: Victini
|-crit|p2a: Victini
|-damage|p2a: Victini|32\/100
|move|p2a: Victini|V-create|p1a: Mew
|-damage|p1a: Mew|0 fnt
|-unboost|p2a: Victini|spe|1
|-unboost|p2a: Victini|def|1
|-unboost|p2a: Victini|spd|1
|faint|p1a: Mew
|
|upkeep
|choice|switch 2|
|
|switch|p1a: Gliscor|Gliscor, L77, F|100\/100
|turn|7
|choice|move earthquake|move blueflare
|
|move|p1a: Gliscor|Earthquake|p2a: Victini
|-supereffective|p2a: Victini
|-damage|p2a: Victini|0 fnt
|faint|p2a: Victini
|
|-status|p1a: Gliscor|tox|[from] item: Toxic Orb
|upkeep
|choice||switch 4
|
|switch|p2a: Giratina|Giratina, L73|100\/100
|-ability|p2a: Giratina|Pressure
|turn|8
|choice|move protect|move shadowball
|
|move|p1a: Gliscor|Protect|p1a: Gliscor
|-singleturn|p1a: Gliscor|Protect
|move|p2a: Giratina|Shadow Ball|p1a: Gliscor
|-activate|p1a: Gliscor|move: Protect
|
|upkeep
|turn|9
|choice|move earthquake|move shadowball
|
|move|p1a: Gliscor|Earthquake|p2a: Giratina
|-damage|p2a: Giratina|76\/100
|move|p2a: Giratina|Shadow Ball|p1a: Gliscor
|-damage|p1a: Gliscor|67\/100 tox
|
|-heal|p2a: Giratina|83\/100|[from] item: Leftovers
|-heal|p1a: Gliscor|79\/100 tox|[from] ability: Poison Heal
|upkeep
|turn|10
|choice|move earthquake|switch 5
|
|switch|p2a: Dewgong|Dewgong, L79, F|100\/100
|move|p1a: Gliscor|Earthquake|p2a: Dewgong
|-damage|p2a: Dewgong|62\/100
|
|-heal|p2a: Dewgong|68\/100|[from] item: Leftovers
|-heal|p1a: Gliscor|92\/100 tox|[from] ability: Poison Heal
|upkeep
|turn|11
|choice|move roost|move icebeam
|
|move|p1a: Gliscor|Roost|p1a: Gliscor
|-heal|p1a: Gliscor|100\/100 tox
|move|p2a: Dewgong|Ice Beam|p1a: Gliscor
|-supereffective|p1a: Gliscor
|-damage|p1a: Gliscor|39\/100 tox
|
|-heal|p2a: Dewgong|74\/100|[from] item: Leftovers
|-heal|p1a: Gliscor|51\/100 tox|[from] ability: Poison Heal
|upkeep
|turn|12
|choice|move roost|move icebeam
|
|move|p1a: Gliscor|Roost|p1a: Gliscor
|-heal|p1a: Gliscor|100\/100 tox
|move|p2a: Dewgong|Ice Beam|p1a: Gliscor
|-supereffective|p1a: Gliscor
|-damage|p1a: Gliscor|33\/100 tox
|
|-heal|p2a: Dewgong|79\/100|[from] item: Leftovers
|-heal|p1a: Gliscor|45\/100 tox|[from] ability: Poison Heal
|upkeep
|turn|13
|choice|move taunt|move icebeam
|
|move|p1a: Gliscor|Taunt|p2a: Dewgong
|-start|p2a: Dewgong|move: Taunt
|move|p2a: Dewgong|Ice Beam|p1a: Gliscor
|-supereffective|p1a: Gliscor
|-damage|p1a: Gliscor|0 fnt
|faint|p1a: Gliscor
|
|-heal|p2a: Dewgong|85\/100|[from] item: Leftovers
|upkeep
|choice|switch 4|
|
|switch|p1a: Luxray|Luxray, L79, M|100\/100
|turn|14
|choice|move voltswitch|move icebeam
|
|move|p2a: Dewgong|Ice Beam|p1a: Luxray
|-damage|p1a: Luxray|72\/100
|move|p1a: Luxray|Volt Switch|p2a: Dewgong
|-supereffective|p2a: Dewgong
|-damage|p2a: Dewgong|37\/100
|choice|switch 6|
|
|switch|p1a: Doublade|Doublade, L79, F|100\/100
|
|-heal|p2a: Dewgong|43\/100|[from] item: Leftovers
|upkeep
|turn|15
|choice|move sacredsword|move surf
|
|move|p2a: Dewgong|Surf|p1a: Doublade
|-damage|p1a: Doublade|71\/100
|move|p1a: Doublade|Sacred Sword|p2a: Dewgong
|-supereffective|p2a: Dewgong
|-damage|p2a: Dewgong|0 fnt
|faint|p2a: Dewgong
|
|upkeep
|choice||switch 2
|
|switch|p2a: Grumpig|Grumpig, L79, M|92\/100
|turn|16
|choice|move shadowsneak|move focusblast
|
|move|p1a: Doublade|Shadow Sneak|p2a: Grumpig
|-supereffective|p2a: Grumpig
|-damage|p2a: Grumpig|51\/100
|move|p2a: Grumpig|Focus Blast|p1a: Doublade
|-immune|p1a: Doublade|[msg]
|
|upkeep
|turn|17
|choice|move shadowsneak|move focusblast
|
|move|p1a: Doublade|Shadow Sneak|p2a: Grumpig
|-supereffective|p2a: Grumpig
|-damage|p2a: Grumpig|9\/100
|move|p2a: Grumpig|Focus Blast|p1a: Doublade
|-immune|p1a: Doublade|[msg]
|
|upkeep
|turn|18
|choice|move shadowsneak|switch 5
|
|switch|p2a: Giratina|Giratina, L73|83\/100
|-ability|p2a: Giratina|Pressure
|move|p1a: Doublade|Shadow Sneak|p2a: Giratina
|-supereffective|p2a: Giratina
|-damage|p2a: Giratina|61\/100
|
|-heal|p2a: Giratina|67\/100|[from] item: Leftovers
|upkeep
|turn|19
|choice|move shadowsneak|move shadowball
|
|move|p1a: Doublade|Shadow Sneak|p2a: Giratina
|-supereffective|p2a: Giratina
|-damage|p2a: Giratina|46\/100
|move|p2a: Giratina|Shadow Ball|p1a: Doublade
|-supereffective|p1a: Doublade
|-damage|p1a: Doublade|11\/100
|
|-heal|p2a: Giratina|52\/100|[from] item: Leftovers
|upkeep
|turn|20
|choice|move shadowsneak|move shadowball
|
|move|p1a: Doublade|Shadow Sneak|p2a: Giratina
|-supereffective|p2a: Giratina
|-damage|p2a: Giratina|31\/100
|move|p2a: Giratina|Shadow Ball|p1a: Doublade
|-supereffective|p1a: Doublade
|-damage|p1a: Doublade|0 fnt
|faint|p1a: Doublade
|
|-heal|p2a: Giratina|37\/100|[from] item: Leftovers
|upkeep
|choice|switch 5|
|
|switch|p1a: Kricketune|Kricketune, L79, F|100\/100
|turn|21
|choice|move knockoff|move shadowball
|
|move|p2a: Giratina|Shadow Ball|p1a: Kricketune
|-damage|p1a: Kricketune|61\/100
|move|p1a: Kricketune|Knock Off|p2a: Giratina
|-supereffective|p2a: Giratina
|-damage|p2a: Giratina|9\/100
|-enditem|p2a: Giratina|Leftovers|[from] move: Knock Off|[of] p1a: Kricketune
|
|-heal|p1a: Kricketune|67\/100|[from] item: Leftovers
|upkeep
|turn|22
|choice|move knockoff|move shadowball
|
|move|p2a: Giratina|Shadow Ball|p1a: Kricketune
|-damage|p1a: Kricketune|26\/100
|move|p1a: Kricketune|Knock Off|p2a: Giratina
|-supereffective|p2a: Giratina
|-damage|p2a: Giratina|0 fnt
|faint|p2a: Giratina
|
|-heal|p1a: Kricketune|32\/100|[from] item: Leftovers
|upkeep
|choice||switch 3
|
|switch|p2a: Ninjask|Ninjask, L79, F|100\/100
|turn|23
|choice|move leechlife|move leechlife
|
|move|p2a: Ninjask|Leech Life|p1a: Kricketune
|-damage|p1a: Kricketune|0 fnt
|faint|p1a: Kricketune
|
|-ability|p2a: Ninjask|Speed Boost|boost
|-boost|p2a: Ninjask|spe|1
|upkeep
|choice|switch 3|
|
|switch|p1a: Keldeo|Keldeo, L77|100\/100
|turn|24
|choice|move substitute|move leechlife
|
|move|p2a: Ninjask|Leech Life|p1a: Keldeo
|-resisted|p1a: Keldeo
|-damage|p1a: Keldeo|86\/100
|move|p1a: Keldeo|Substitute|p1a: Keldeo
|-start|p1a: Keldeo|Substitute
|-damage|p1a: Keldeo|62\/100
|
|-heal|p1a: Keldeo|68\/100|[from] item: Leftovers
|-ability|p2a: Ninjask|Speed Boost|boost
|-boost|p2a: Ninjask|spe|1
|upkeep
|turn|25
|choice|move scald|move leechlife
|
|move|p2a: Ninjask|Leech Life|p1a: Keldeo
|-resisted|p1a: Keldeo
|-activate|p1a: Keldeo|move: Substitute|[damage]
|move|p1a: Keldeo|Scald|p2a: Ninjask
|-damage|p2a: Ninjask|43\/100
|
|-heal|p2a: Ninjask|49\/100|[from] item: Leftovers
|-heal|p1a: Keldeo|74\/100|[from] item: Leftovers
|-ability|p2a: Ninjask|Speed Boost|boost
|-boost|p2a: Ninjask|spe|1
|upkeep
|turn|26
|choice|move scald|move leechlife
|
|move|p2a: Ninjask|Leech Life|p1a: Keldeo
|-resisted|p1a: Keldeo
|-end|p1a: Keldeo|Substitute
|-heal|p2a: Ninjask|56\/100|[from] drain|[of] p1a: Keldeo
|move|p1a: Keldeo|Scald|p2a: Ninjask
|-damage|p2a: Ninjask|0 fnt
|faint|p2a: Ninjask
|
|-heal|p1a: Keldeo|80\/100|[from] item: Leftovers
|upkeep
|choice||switch 5
|
|switch|p2a: Grumpig|Grumpig, L79, M|9\/100
|turn|27
|choice|move scald|move focusblast
|
|move|p1a: Keldeo|Scald|p2a: Grumpig
|-damage|p2a: Grumpig|0 fnt
|faint|p2a: Grumpig
|
|win|gabe00k7f
|raw|gabe00k7f's rating: 1000 &rarr; <strong>1040<\/strong><br \/>(+40 for winning)
|raw|Masters of Pokemon's rating: 1000 &rarr; <strong>1000<\/strong><br \/>(+0 for losing)</script>
</div>
<div class="battle-log battle-log-inline"><div class="inner"><div class="chat"><small>gabe00k7f joined.</small></div><div class="chat"><small>Masters of Pokemon joined.</small></div><div style="padding:5px 0"><small>Format:</small> <br><strong>[Gen 7] Random Battle</strong></div><div class="rated"><strong>Rated battle</strong></div><div><small><em>Sleep Clause Mod:</em> Limit one foe put to sleep</small></div><div><small><em>HP Percentage Mod:</em> HP is shown in percentages</small></div><div>Battle between gabe00k7f and Masters of Pokemon started!</div><div class="spacer"></div><div>Go! Mew!</div><div class="spacer"></div><div>Masters of Pokemon sent out Grumpig!</div><h2>Turn 1</h2><div class="spacer"></div><div><span class="battle-nickname" title="Mew">Mew</span> used <strong>Aura Sphere</strong>!</div><div><small>It's not very effective... </small><small>The opposing <span class="battle-nickname-foe" title="Grumpig">Grumpig</span> lost 8% of its health!</small><br></div><div class="spacer"></div><div>The opposing <span class="battle-nickname-foe" title="Grumpig">Grumpig</span> used <strong>Psychic</strong>!</div><div><small>It's not very effective... </small><small><span class="battle-nickname" title="Mew">Mew</span> lost 13% of its health!</small><br></div><div><small><span class="battle-nickname" title="Mew">Mew</span>'s Special Defense fell! </small></div><div class="spacer"></div><div><small><span class="battle-nickname" title="Mew">Mew</span> restored a little HP using its Leftovers!</small></div><h2>Turn 2</h2><div class="spacer"></div><div>Masters of Pokemon withdrew Grumpig!</div><div class="spacer"></div><div>Masters of Pokemon sent out Feraligatr!</div><div class="spacer"></div><div><span class="battle-nickname" title="Mew">Mew</span> used <strong>Nasty Plot</strong>!</div><div><small><span class="battle-nickname" title="Mew">Mew</span>'s Special Attack rose sharply! </small></div><div class="spacer"></div><div><small><span class="battle-nickname" title="Mew">Mew</span> restored a little HP using its Leftovers!</small></div><h2>Turn 3</h2><div class="spacer"></div><div><span class="battle-nickname" title="Mew">Mew</span> used <strong>Psyshock</strong>!</div><div><small>The opposing <span class="battle-nickname-foe" title="Feraligatr">Feraligatr</span> lost 54% of its health!</small><br></div><div class="spacer"></div><div>The opposing <span class="battle-nickname-foe" title="Feraligatr">Feraligatr</span> used <strong>Ice Punch</strong>!</div><div><small><span class="battle-nickname" title="Mew">Mew</span> lost 30% of its health!</small><br></div><div class="spacer"></div><div><small><span class="battle-nickname" title="Mew">Mew</span> restored a little HP using its Leftovers!</small></div><h2>Turn 4</h2><div class="spacer"></div><div>The opposing <span class="battle-nickname-foe" title="Feraligatr">Feraligatr</span> used <strong>Aqua Jet</strong>!</div><div><small><span class="battle-nickname" title="Mew">Mew</span> lost 18% of its health!</small><br></div><div><small>The opposing <span class="battle-nickname-foe" title="Feraligatr">Feraligatr</span> lost some of its HP!</small></div><div class="spacer"></div><div><span class="battle-nickname" title="Mew">Mew</span> used <strong>Psyshock</strong>!</div><div><small>The opposing <span class="battle-nickname-foe" title="Feraligatr">Feraligatr</span> lost 36% of its health!</small><br></div><div class="spacer"></div><div>The opposing <span class="battle-nickname-foe" title="Feraligatr">Feraligatr</span> fainted!</div><div class="spacer"></div><div><small><span class="battle-nickname" title="Mew">Mew</span> restored a little HP using its Leftovers!</small></div><div class="spacer"></div><div>Masters of Pokemon sent out Victini!</div><h2>Turn 5</h2><div class="spacer"></div><div><span class="battle-nickname" title="Mew">Mew</span> used <strong>Psyshock</strong>!</div><div><small>It's not very effective... </small><small>The opposing <span class="battle-nickname-foe" title="Victini">Victini</span> lost 27% of its health!</small><br></div><div class="spacer"></div><div>The opposing <span class="battle-nickname-foe" title="Victini">Victini</span> used <strong>Blue Flare</strong>!</div><div><small><span class="battle-nickname" title="Mew">Mew</span> lost 58% of its health!</small><br></div><div class="spacer"></div><div><small><span class="battle-nickname" title="Mew">Mew</span> restored a little HP using its Leftovers!</small></div><h2>Turn 6</h2><div class="spacer"></div><div><span class="battle-nickname" title="Mew">Mew</span> used <strong>Psyshock</strong>!</div><div><small>It's not very effective... A critical hit! </small><small>The opposing <span class="battle-nickname-foe" title="Victini">Victini</span> lost 41% of its health!</small><br></div><div class="spacer"></div><div>The opposing <span class="battle-nickname-foe" title="Victini">Victini</span> used <strong>V-create</strong>!</div><div><small><span class="battle-nickname" title="Mew">Mew</span> lost 11% of its health!</small><br></div><div><small>The opposing <span class="battle-nickname-foe" title="Victini">Victini</span>'s Speed fell! The opposing <span class="battle-nickname-foe" title="Victini">Victini</span>'s Defense fell! The opposing <span class="battle-nickname-foe" title="Victini">Victini</span>'s Special Defense fell! </small></div><div class="spacer"></div><div><span class="battle-nickname" title="Mew">Mew</span> fainted!</div><div class="spacer"></div><div>Go! Gliscor!</div><h2>Turn 7</h2><div class="spacer"></div><div><span class="battle-nickname" title="Gliscor">Gliscor</span> used <strong>Earthquake</strong>!</div><div><small>It's super effective! </small><small>The opposing <span class="battle-nickname-foe" title="Victini">Victini</span> lost 32% of its health!</small><br></div><div class="spacer"></div><div>The opposing <span class="battle-nickname-foe" title="Victini">Victini</span> fainted!</div><div class="spacer"></div><div><small><span class="battle-nickname" title="Gliscor">Gliscor</span> was badly poisoned by the Toxic Orb!</small></div><div class="spacer"></div><div>Masters of Pokemon sent out Giratina!</div><div><small>[Opposing <span class="battle-nickname-foe" title="Giratina">Giratina</span>'s Pressure!]</small></div><div><small>The opposing <span class="battle-nickname-foe" title="Giratina">Giratina</span> is exerting its pressure!</small></div><h2>Turn 8</h2><div class="spacer"></div><div><span class="battle-nickname" title="Gliscor">Gliscor</span> used <strong>Protect</strong>!</div><div><small><span class="battle-nickname" title="Gliscor">Gliscor</span> protected itself!</small></div><div class="spacer"></div><div>The opposing <span class="battle-nickname-foe" title="Giratina">Giratina</span> used <strong>Shadow Ball</strong>!</div><div><small><span class="battle-nickname" title="Gliscor">Gliscor</span> protected itself!</small></div><h2>Turn 9</h2><div class="spacer"></div><div><span class="battle-nickname" title="Gliscor">Gliscor</span> used <strong>Earthquake</strong>!</div><div><small>The opposing <span class="battle-nickname-foe" title="Giratina">Giratina</span> lost 24% of its health!</small><br></div><div class="spacer"></div><div>The opposing <span class="battle-nickname-foe" title="Giratina">Giratina</span> used <strong>Shadow Ball</strong>!</div><div><small><span class="battle-nickname" title="Gliscor">Gliscor</span> lost 33% of its health!</small><br></div><div class="spacer"></div><div><small>The opposing <span class="battle-nickname-foe" title="Giratina">Giratina</span> restored a little HP using its Leftovers!</small></div><div><small>[<span class="battle-nickname" title="Gliscor">Gliscor</span>'s Poison Heal!]</small></div><div><small><span class="battle-nickname" title="Gliscor">Gliscor</span> restored its HP.</small></div><h2>Turn 10</h2><div class="spacer"></div><div>Masters of Pokemon withdrew Giratina!</div><div class="spacer"></div><div>Masters of Pokemon sent out Dewgong!</div><div class="spacer"></div><div><span class="battle-nickname" title="Gliscor">Gliscor</span> used <strong>Earthquake</strong>!</div><div><small>The opposing <span class="battle-nickname-foe" title="Dewgong">Dewgong</span> lost 38% of its health!</small><br></div><div class="spacer"></div><div><small>The opposing <span class="battle-nickname-foe" title="Dewgong">Dewgong</span> restored a little HP using its Leftovers!</small></div><div><small>[<span class="battle-nickname" title="Gliscor">Gliscor</span>'s Poison Heal!]</small></div><div><small><span class="battle-nickname" title="Gliscor">Gliscor</span> restored its HP.</small></div><h2>Turn 11</h2><div class="spacer"></div><div><span class="battle-nickname" title="Gliscor">Gliscor</span> used <strong>Roost</strong>!</div><div><small><span class="battle-nickname" title="Gliscor">Gliscor</span> restored its HP.</small></div><div class="spacer"></div><div>The opposing <span class="battle-nickname-foe" title="Dewgong">Dewgong</span> used <strong>Ice Beam</strong>!</div><div><small>It's super effective! </small><small><span class="battle-nickname" title="Gliscor">Gliscor</span> lost 61% of its health!</small><br></div><div class="spacer"></div><div><small>The opposing <span class="battle-nickname-foe" title="Dewgong">Dewgong</span> restored a little HP using its Leftovers!</small></div><div><small>[<span class="battle-nickname" title="Gliscor">Gliscor</span>'s Poison Heal!]</small></div><div><small><span class="battle-nickname" title="Gliscor">Gliscor</span> restored its HP.</small></div><h2>Turn 12</h2><div class="spacer"></div><div><span class="battle-nickname" title="Gliscor">Gliscor</span> used <strong>Roost</strong>!</div><div><small><span class="battle-nickname" title="Gliscor">Gliscor</span> restored its HP.</small></div><div class="spacer"></div><div>The opposing <span class="battle-nickname-foe" title="Dewgong">Dewgong</span> used <strong>Ice Beam</strong>!</div><div><small>It's super effective! </small><small><span class="battle-nickname" title="Gliscor">Gliscor</span> lost 67% of its health!</small><br></div><div class="spacer"></div><div><small>The opposing <span class="battle-nickname-foe" title="Dewgong">Dewgong</span> restored a little HP using its Leftovers!</small></div><div><small>[<span class="battle-nickname" title="Gliscor">Gliscor</span>'s Poison Heal!]</small></div><div><small><span class="battle-nickname" title="Gliscor">Gliscor</span> restored its HP.</small></div><h2>Turn 13</h2><div class="spacer"></div><div><span class="battle-nickname" title="Gliscor">Gliscor</span> used <strong>Taunt</strong>!</div><div><small>The opposing <span class="battle-nickname-foe" title="Dewgong">Dewgong</span> fell for the taunt!</small></div><div class="spacer"></div><div>The opposing <span class="battle-nickname-foe" title="Dewgong">Dewgong</span> used <strong>Ice Beam</strong>!</div><div><small>It's super effective! </small><small><span class="battle-nickname" title="Gliscor">Gliscor</span> lost 45% of its health!</small><br></div><div class="spacer"></div><div><span class="battle-nickname" title="Gliscor">Gliscor</span> fainted!</div><div class="spacer"></div><div><small>The opposing <span class="battle-nickname-foe" title="Dewgong">Dewgong</span> restored a little HP using its Leftovers!</small></div><div class="spacer"></div><div>Go! Luxray!</div><h2>Turn 14</h2><div class="spacer"></div><div>The opposing <span class="battle-nickname-foe" title="Dewgong">Dewgong</span> used <strong>Ice Beam</strong>!</div><div><small><span class="battle-nickname" title="Luxray">Luxray</span> lost 28% of its health!</small><br></div><div class="spacer"></div><div><span class="battle-nickname" title="Luxray">Luxray</span> used <strong>Volt Switch</strong>!</div><div><small>It's super effective! </small><small>The opposing <span class="battle-nickname-foe" title="Dewgong">Dewgong</span> lost 48% of its health!</small><br></div><div class="spacer"></div><div><span class="battle-nickname" title="Luxray">Luxray</span> went back to gabe00k7f!</div><div class="spacer"></div><div>Go! Doublade!</div><div class="spacer"></div><div><small>The opposing <span class="battle-nickname-foe" title="Dewgong">Dewgong</span> restored a little HP using its Leftovers!</small></div><h2>Turn 15</h2><div class="spacer"></div><div>The opposing <span class="battle-nickname-foe" title="Dewgong">Dewgong</span> used <strong>Surf</strong>!</div><div><small><span class="battle-nickname" title="Doublade">Doublade</span> lost 29% of its health!</small><br></div><div class="spacer"></div><div><span class="battle-nickname" title="Doublade">Doublade</span> used <strong>Sacred Sword</strong>!</div><div><small>It's super effective! </small><small>The opposing <span class="battle-nickname-foe" title="Dewgong">Dewgong</span> lost 43% of its health!</small><br></div><div class="spacer"></div><div>The opposing <span class="battle-nickname-foe" title="Dewgong">Dewgong</span> fainted!</div><div class="spacer"></div><div>Masters of Pokemon sent out Grumpig!</div><h2>Turn 16</h2><div class="spacer"></div><div><span class="battle-nickname" title="Doublade">Doublade</span> used <strong>Shadow Sneak</strong>!</div><div><small>It's super effective! </small><small>The opposing <span class="battle-nickname-foe" title="Grumpig">Grumpig</span> lost 41% of its health!</small><br></div><div class="spacer"></div><div>The opposing <span class="battle-nickname-foe" title="Grumpig">Grumpig</span> used <strong>Focus Blast</strong>!</div><div><small>It doesn't affect <span class="battle-nickname" title="Doublade">Doublade</span>... </small></div><h2>Turn 17</h2><div class="spacer"></div><div><span class="battle-nickname" title="Doublade">Doublade</span> used <strong>Shadow Sneak</strong>!</div><div><small>It's super effective! </small><small>The opposing <span class="battle-nickname-foe" title="Grumpig">Grumpig</span> lost 42% of its health!</small><br></div><div class="spacer"></div><div>The opposing <span class="battle-nickname-foe" title="Grumpig">Grumpig</span> used <strong>Focus Blast</strong>!</div><div><small>It doesn't affect <span class="battle-nickname" title="Doublade">Doublade</span>... </small></div><h2>Turn 18</h2><div class="spacer"></div><div>Masters of Pokemon withdrew Grumpig!</div><div class="spacer"></div><div>Masters of Pokemon sent out Giratina!</div><div><small>[Opposing <span class="battle-nickname-foe" title="Giratina">Giratina</span>'s Pressure!]</small></div><div><small>The opposing <span class="battle-nickname-foe" title="Giratina">Giratina</span> is exerting its pressure!</small></div><div class="spacer"></div><div><span class="battle-nickname" title="Doublade">Doublade</span> used <strong>Shadow Sneak</strong>!</div><div><small>It's super effective! </small><small>The opposing <span class="battle-nickname-foe" title="Giratina">Giratina</span> lost 22% of its health!</small><br></div><div class="spacer"></div><div><small>The opposing <span class="battle-nickname-foe" title="Giratina">Giratina</span> restored a little HP using its Leftovers!</small></div><h2>Turn 19</h2><div class="spacer"></div><div><span class="battle-nickname" title="Doublade">Doublade</span> used <strong>Shadow Sneak</strong>!</div><div><small>It's super effective! </small><small>The opposing <span class="battle-nickname-foe" title="Giratina">Giratina</span> lost 21% of its health!</small><br></div><div class="spacer"></div><div>The opposing <span class="battle-nickname-foe" title="Giratina">Giratina</span> used <strong>Shadow Ball</strong>!</div><div><small>It's super effective! </small><small><span class="battle-nickname" title="Doublade">Doublade</span> lost 60% of its health!</small><br></div><div class="spacer"></div><div><small>The opposing <span class="battle-nickname-foe" title="Giratina">Giratina</span> restored a little HP using its Leftovers!</small></div><h2>Turn 20</h2><div class="spacer"></div><div><span class="battle-nickname" title="Doublade">Doublade</span> used <strong>Shadow Sneak</strong>!</div><div><small>It's super effective! </small><small>The opposing <span class="battle-nickname-foe" title="Giratina">Giratina</span> lost 21% of its health!</small><br></div><div class="spacer"></div><div>The opposing <span class="battle-nickname-foe" title="Giratina">Giratina</span> used <strong>Shadow Ball</strong>!</div><div><small>It's super effective! </small><small><span class="battle-nickname" title="Doublade">Doublade</span> lost 11% of its health!</small><br></div><div class="spacer"></div><div><span class="battle-nickname" title="Doublade">Doublade</span> fainted!</div><div class="spacer"></div><div><small>The opposing <span class="battle-nickname-foe" title="Giratina">Giratina</span> restored a little HP using its Leftovers!</small></div><div class="spacer"></div><div>Go! Kricketune!</div><h2>Turn 21</h2><div class="spacer"></div><div>The opposing <span class="battle-nickname-foe" title="Giratina">Giratina</span> used <strong>Shadow Ball</strong>!</div><div><small><span class="battle-nickname" title="Kricketune">Kricketune</span> lost 39% of its health!</small><br></div><div class="spacer"></div><div><span class="battle-nickname" title="Kricketune">Kricketune</span> used <strong>Knock Off</strong>!</div><div><small>It's super effective! </small><small>The opposing <span class="battle-nickname-foe" title="Giratina">Giratina</span> lost 28% of its health!</small><br></div><div><small><span class="battle-nickname" title="Kricketune">Kricketune</span> knocked off the opposing <span class="battle-nickname-foe" title="Giratina">Giratina</span>'s Leftovers!</small></div><div class="spacer"></div><div><small><span class="battle-nickname" title="Kricketune">Kricketune</span> restored a little HP using its Leftovers!</small></div><h2>Turn 22</h2><div class="spacer"></div><div>The opposing <span class="battle-nickname-foe" title="Giratina">Giratina</span> used <strong>Shadow Ball</strong>!</div><div><small><span class="battle-nickname" title="Kricketune">Kricketune</span> lost 41% of its health!</small><br></div><div class="spacer"></div><div><span class="battle-nickname" title="Kricketune">Kricketune</span> used <strong>Knock Off</strong>!</div><div><small>It's super effective! </small><small>The opposing <span class="battle-nickname-foe" title="Giratina">Giratina</span> lost 9% of its health!</small><br></div><div class="spacer"></div><div>The opposing <span class="battle-nickname-foe" title="Giratina">Giratina</span> fainted!</div><div class="spacer"></div><div><small><span class="battle-nickname" title="Kricketune">Kricketune</span> restored a little HP using its Leftovers!</small></div><div class="spacer"></div><div>Masters of Pokemon sent out Ninjask!</div><h2>Turn 23</h2><div class="spacer"></div><div>The opposing <span class="battle-nickname-foe" title="Ninjask">Ninjask</span> used <strong>Leech Life</strong>!</div><div><small><span class="battle-nickname" title="Kricketune">Kricketune</span> lost 32% of its health!</small><br></div><div class="spacer"></div><div><span class="battle-nickname" title="Kricketune">Kricketune</span> fainted!</div><div><small>[Opposing <span class="battle-nickname-foe" title="Ninjask">Ninjask</span>'s Speed Boost!]</small></div><div><small>The opposing <span class="battle-nickname-foe" title="Ninjask">Ninjask</span>'s Speed rose! </small></div><div class="spacer"></div><div>Go! Keldeo!</div><h2>Turn 24</h2><div class="spacer"></div><div>The opposing <span class="battle-nickname-foe" title="Ninjask">Ninjask</span> used <strong>Leech Life</strong>!</div><div><small>It's not very effective... </small><small><span class="battle-nickname" title="Keldeo">Keldeo</span> lost 14% of its health!</small><br></div><div class="spacer"></div><div><span class="battle-nickname" title="Keldeo">Keldeo</span> used <strong>Substitute</strong>!</div><div><small><span class="battle-nickname" title="Keldeo">Keldeo</span> put in a substitute!</small></div><div><small><span class="battle-nickname" title="Keldeo">Keldeo</span> lost 24% of its health!</small><br></div><div class="spacer"></div><div><small><span class="battle-nickname" title="Keldeo">Keldeo</span> restored a little HP using its Leftovers!</small></div><div><small>[Opposing <span class="battle-nickname-foe" title="Ninjask">Ninjask</span>'s Speed Boost!]</small></div><div><small>The opposing <span class="battle-nickname-foe" title="Ninjask">Ninjask</span>'s Speed rose! </small></div><h2>Turn 25</h2><div class="spacer"></div><div>The opposing <span class="battle-nickname-foe" title="Ninjask">Ninjask</span> used <strong>Leech Life</strong>!</div><div><small>It's not very effective... The substitute took damage for <span class="battle-nickname" title="Keldeo">Keldeo</span>!</small></div><div class="spacer"></div><div><span class="battle-nickname" title="Keldeo">Keldeo</span> used <strong>Scald</strong>!</div><div><small>The opposing <span class="battle-nickname-foe" title="Ninjask">Ninjask</span> lost 57% of its health!</small><br></div><div class="spacer"></div><div><small>The opposing <span class="battle-nickname-foe" title="Ninjask">Ninjask</span> restored a little HP using its Leftovers!</small></div><div><small><span class="battle-nickname" title="Keldeo">Keldeo</span> restored a little HP using its Leftovers!</small></div><div><small>[Opposing <span class="battle-nickname-foe" title="Ninjask">Ninjask</span>'s Speed Boost!]</small></div><div><small>The opposing <span class="battle-nickname-foe" title="Ninjask">Ninjask</span>'s Speed rose! </small></div><h2>Turn 26</h2><div class="spacer"></div><div>The opposing <span class="battle-nickname-foe" title="Ninjask">Ninjask</span> used <strong>Leech Life</strong>!</div><div><small>It's not very effective... <span class="battle-nickname" title="Keldeo">Keldeo</span>'s substitute faded!</small></div><div><small><span class="battle-nickname" title="Keldeo">Keldeo</span> had its energy drained!</small></div><div class="spacer"></div><div><span class="battle-nickname" title="Keldeo">Keldeo</span> used <strong>Scald</strong>!</div><div><small>The opposing <span class="battle-nickname-foe" title="Ninjask">Ninjask</span> lost 56% of its health!</small><br></div><div class="spacer"></div><div>The opposing <span class="battle-nickname-foe" title="Ninjask">Ninjask</span> fainted!</div><div class="spacer"></div><div><small><span class="battle-nickname" title="Keldeo">Keldeo</span> restored a little HP using its Leftovers!</small></div><div class="spacer"></div><div>Masters of Pokemon sent out Grumpig!</div><h2>Turn 27</h2><div class="spacer"></div><div><span class="battle-nickname" title="Keldeo">Keldeo</span> used <strong>Scald</strong>!</div><div><small>The opposing <span class="battle-nickname-foe" title="Grumpig">Grumpig</span> lost 9% of its health!</small><br></div><div class="spacer"></div><div>The opposing <span class="battle-nickname-foe" title="Grumpig">Grumpig</span> fainted!</div><div class="spacer"></div><div>gabe00k7f won the battle!</div><div class="chat">gabe00k7f's rating: 1000 → <strong>1040</strong><br>(+40 for winning)</div><div class="chat">Masters of Pokemon's rating: 1000 → <strong>1000</strong><br>(+0 for losing)</div></div></div>
</div>
<script>
var daily = Math.floor(Date.now()/1000/60/60/24);document.write('<script src="https://play.pokemonshowdown.com/js/replay-embed.js?version'+daily+'"></'+'script>');
</script>
