<!DOCTYPE html>
<meta charset="utf-8" />
<!-- version 1 -->
<title>[Gen 7] Random Battle replay: Geovanne M vs. G6o6d6</title>
<style>
html,body {font-family:Verdana, sans-serif;font-size:10pt;margin:0;padding:0;}body{padding:12px 0;} .battle-log {font-family:Verdana, sans-serif;font-size:10pt;} .battle-log-inline {border:1px solid #AAAAAA;background:#EEF2F5;color:black;max-width:640px;margin:0 auto 80px;padding-bottom:5px;} .battle-log .inner {padding:4px 8px 0px 8px;} .battle-log .inner-preempt {padding:0 8px 4px 8px;} .battle-log .inner-after {margin-top:0.5em;} .battle-log h2 {margin:0.5em -8px;padding:4px 8px;border:1px solid #AAAAAA;background:#E0E7EA;border-left:0;border-right:0;font-family:Verdana, sans-serif;font-size:13pt;} .battle-log .chat {vertical-align:middle;padding:3px 0 3px 0;font-size:8pt;} .battle-log .chat strong {color:#40576A;} .battle-log .chat em {padding:1px 4px 1px 3px;color:#000000;font-style:normal;} .chat.mine {background:rgba(0,0,0,0.05);margin-left:-8px;margin-right:-8px;padding-left:8px;padding-right:8px;} .spoiler {color:#BBBBBB;background:#BBBBBB;padding:0px 3px;} .spoiler:hover, .spoiler:active, .spoiler-shown {color:#000000;background:#E2E2E2;padding:0px 3px;} .spoiler a {color:#BBBBBB;} .spoiler:hover a, .spoiler:active a, .spoiler-shown a {color:#2288CC;} .chat code, .chat .spoiler:hover code, .chat .spoiler:active code, .chat .spoiler-shown code {border:1px solid #C0C0C0;background:#EEEEEE;color:black;padding:0 2px;} .chat .spoiler code {border:1px solid #CCCCCC;background:#CCCCCC;color:#CCCCCC;} .battle-log .rated {padding:3px 4px;} .battle-log .rated strong {color:white;background:#89A;padding:1px 4px;border-radius:4px;} .spacer {margin-top:0.5em;} .message-announce {background:#6688AA;color:white;padding:1px 4px 2px;} .message-announce a, .broadcast-green a, .broadcast-blue a, .broadcast-red a {color:#DDEEFF;} .broadcast-green {background-color:#559955;color:white;padding:2px 4px;} .broadcast-blue {background-color:#6688AA;color:white;padding:2px 4px;} .infobox {border:1px solid #6688AA;padding:2px 4px;} .infobox-limited {max-height:200px;overflow:auto;overflow-x:hidden;} .broadcast-red {background-color:#AA5544;color:white;padding:2px 4px;} .message-learn-canlearn {font-weight:bold;color:#228822;text-decoration:underline;} .message-learn-cannotlearn {font-weight:bold;color:#CC2222;text-decoration:underline;} .message-effect-weak {font-weight:bold;color:#CC2222;} .message-effect-resist {font-weight:bold;color:#6688AA;} .message-effect-immune {font-weight:bold;color:#666666;} .message-learn-list {margin-top:0;margin-bottom:0;} .message-throttle-notice, .message-error {color:#992222;} .message-overflow, .chat small.message-overflow {font-size:0pt;} .message-overflow::before {font-size:9pt;content:'...';} .subtle {color:#3A4A66;}
</style>
<div class="wrapper replay-wrapper" style="max-width:1180px;margin:0 auto">
<input type="hidden" name="replayid" value="gen7randombattle-566985015" />
<div class="battle"></div><div class="battle-log"></div><div class="replay-controls"></div><div class="replay-controls-2"></div>
<h1 style="font-weight:normal;text-align:center"><strong>[Gen 7] Random Battle</strong><br /><a href="http://pokemonshowdown.com/users/geovannem" class="subtle" target="_blank">Geovanne M</a> vs. <a href="http://pokemonshowdown.com/users/g6o6d6" class="subtle" target="_blank">G6o6d6</a></h1>
<script type="text/plain" class="battle-log-data">|j|Geovanne M
|j|G6o6d6
|player|p1|Geovanne M|257
|player|p2|G6o6d6|101
|gametype|singles
|gen|7
|tier|[Gen 7] Random Battle
|rated
|seed|23140,56712,13471,54957,1441,33845,60751,11034,47365,44703,22262,60422
|rule|Sleep Clause Mod: Limit one foe put to sleep
|rule|HP Percentage Mod: HP is shown in percentages
|
|start
|switch|p1a: Maractus|Maractus, L79, F|100\/100
|switch|p2a: Machamp|Machamp, L79, F|100\/100
|turn|1
|choice|move spikyshield|move icepunch
|
|move|p1a: Maractus|Spiky Shield|p1a: Maractus
|-singleturn|p1a: Maractus|move: Protect
|move|p2a: Machamp|Ice Punch|p1a: Maractus
|-activate|p1a: Maractus|move: Protect
|-damage|p2a: Machamp|88\/100|[from] Spiky Shield|[of] p1a: Maractus
|
|-heal|p2a: Machamp|94\/100|[from] item: Leftovers
|upkeep
|turn|2
|choice|switch 5|move icepunch
|
|switch|p1a: Gyarados|Gyarados, L76, M|100\/100
|move|p2a: Machamp|Ice Punch|p1a: Gyarados
|-damage|p1a: Gyarados|74\/100
|
|-heal|p1a: Gyarados|80\/100|[from] item: Leftovers
|-heal|p2a: Machamp|100\/100|[from] item: Leftovers
|upkeep
|turn|3
|choice|move dragondance|move dynamicpunch
|
|move|p1a: Gyarados|Dragon Dance|p1a: Gyarados
|-boost|p1a: Gyarados|atk|1
|-boost|p1a: Gyarados|spe|1
|move|p2a: Machamp|Dynamic Punch|p1a: Gyarados
|-resisted|p1a: Gyarados
|-damage|p1a: Gyarados|55\/100
|-start|p1a: Gyarados|confusion
|
|-heal|p1a: Gyarados|61\/100|[from] item: Leftovers
|upkeep
|turn|4
|choice|move waterfall|move knockoff
|
|-activate|p1a: Gyarados|confusion
|move|p1a: Gyarados|Waterfall|p2a: Machamp
|-damage|p2a: Machamp|44\/100
|move|p2a: Machamp|Knock Off|p1a: Gyarados
|-damage|p1a: Gyarados|29\/100
|-enditem|p1a: Gyarados|Leftovers|[from] move: Knock Off|[of] p2a: Machamp
|
|-heal|p2a: Machamp|50\/100|[from] item: Leftovers
|upkeep
|turn|5
|choice|move waterfall|move dynamicpunch
|
|-end|p1a: Gyarados|confusion
|move|p1a: Gyarados|Waterfall|p2a: Machamp
|-damage|p2a: Machamp|0 fnt
|faint|p2a: Machamp
|-ability|p1a: Gyarados|Moxie|boost
|-boost|p1a: Gyarados|atk|1
|
|upkeep
|choice||switch 2
|
|switch|p2a: Zangoose|Zangoose, L79, F|100\/100
|turn|6
|choice|move waterfall|move facade
|
|move|p1a: Gyarados|Waterfall|p2a: Zangoose
|-damage|p2a: Zangoose|0 fnt
|faint|p2a: Zangoose
|-ability|p1a: Gyarados|Moxie|boost
|-boost|p1a: Gyarados|atk|1
|
|upkeep
|choice||switch 5
|
|switch|p2a: Lunatone|Lunatone, L75|100\/100
|turn|7
|choice|move waterfall|move powergem
|
|move|p1a: Gyarados|Waterfall|p2a: Lunatone
|-supereffective|p2a: Lunatone
|-damage|p2a: Lunatone|0 fnt
|faint|p2a: Lunatone
|-ability|p1a: Gyarados|Moxie|boost
|-boost|p1a: Gyarados|atk|1
|
|upkeep
|choice||switch 6
|
|switch|p2a: Vivillon|Vivillon, L79, F|100\/100
|turn|8
|choice|move waterfall|move hurricane
|
|move|p1a: Gyarados|Waterfall|p2a: Vivillon
|-damage|p2a: Vivillon|0 fnt
|faint|p2a: Vivillon
|-ability|p1a: Gyarados|Moxie|boost
|-boost|p1a: Gyarados|atk|1
|
|upkeep
|choice||switch 4
|
|switch|p2a: Tornadus|Tornadus, L78, M|100\/100
|turn|9
|choice|move waterfall|move superpower
|
|move|p1a: Gyarados|Waterfall|p2a: Tornadus
|-crit|p2a: Tornadus
|-damage|p2a: Tornadus|0 fnt
|faint|p2a: Tornadus
|-ability|p1a: Gyarados|Moxie|boost
|-boost|p1a: Gyarados|atk|1
|
|upkeep
|choice||switch 3
|
|switch|p2a: Charizard|Charizard, L75, M|100\/100
|turn|10
|choice|move waterfall|move solarbeam mega
|
|detailschange|p2a: Charizard|Charizard-Mega-Y, L75, M
|-mega|p2a: Charizard|Charizard|Charizardite Y
|-weather|SunnyDay|[from] ability: Drought|[of] p2a: Charizard
|move|p1a: Gyarados|Waterfall|p2a: Charizard
|-supereffective|p2a: Charizard
|-damage|p2a: Charizard|0 fnt
|faint|p2a: Charizard
|
|win|Geovanne M
|raw|Geovanne M's rating: 1089 &rarr; <strong>1120<\/strong><br \/>(+31 for winning)
|raw|G6o6d6's rating: 1154 &rarr; <strong>1124<\/strong><br \/>(-30 for losing)
|l|G6o6d6</script>
</div>
<div class="battle-log battle-log-inline"><div class="inner"><div class="chat"><small>Geovanne M joined.</small></div><div class="chat"><small>G6o6d6 joined.</small></div><div style="padding:5px 0"><small>Format:</small> <br><strong>[Gen 7] Random Battle</strong></div><div class="rated"><strong>Rated battle</strong></div><div><small><em>Sleep Clause Mod:</em> Limit one foe put to sleep</small></div><div><small><em>HP Percentage Mod:</em> HP is shown in percentages</small></div><div>Battle between Geovanne M and G6o6d6 started!</div><div class="spacer"></div><div>Go! Maractus!</div><div class="spacer"></div><div>G6o6d6 sent out Machamp!</div><h2>Turn 1</h2><div class="spacer"></div><div><span class="battle-nickname" title="Maractus">Maractus</span> used <strong>Spiky Shield</strong>!</div><div><small><span class="battle-nickname" title="Maractus">Maractus</span> protected itself!</small></div><div class="spacer"></div><div>The opposing <span class="battle-nickname-foe" title="Machamp">Machamp</span> used <strong>Ice Punch</strong>!</div><div><small><span class="battle-nickname" title="Maractus">Maractus</span> protected itself!</small></div><div><small>The opposing <span class="battle-nickname-foe" title="Machamp">Machamp</span> was hurt!</small></div><div class="spacer"></div><div><small>The opposing <span class="battle-nickname-foe" title="Machamp">Machamp</span> restored a little HP using its Leftovers!</small></div><h2>Turn 2</h2><div class="spacer"></div><div><span class="battle-nickname" title="Maractus">Maractus</span>, come back!</div><div class="spacer"></div><div>Go! Gyarados!</div><div class="spacer"></div><div>The opposing <span class="battle-nickname-foe" title="Machamp">Machamp</span> used <strong>Ice Punch</strong>!</div><div><small><span class="battle-nickname" title="Gyarados">Gyarados</span> lost 26% of its health!</small><br></div><div class="spacer"></div><div><small><span class="battle-nickname" title="Gyarados">Gyarados</span> restored a little HP using its Leftovers!</small></div><div><small>The opposing <span class="battle-nickname-foe" title="Machamp">Machamp</span> restored a little HP using its Leftovers!</small></div><h2>Turn 3</h2><div class="spacer"></div><div><span class="battle-nickname" title="Gyarados">Gyarados</span> used <strong>Dragon Dance</strong>!</div><div><small><span class="battle-nickname" title="Gyarados">Gyarados</span>'s Attack rose! <span class="battle-nickname" title="Gyarados">Gyarados</span>'s Speed rose! </small></div><div class="spacer"></div><div>The opposing <span class="battle-nickname-foe" title="Machamp">Machamp</span> used <strong>Dynamic Punch</strong>!</div><div><small>It's not very effective... </small><small><span class="battle-nickname" title="Gyarados">Gyarados</span> lost 25% of its health!</small><br></div><div><small><span class="battle-nickname" title="Gyarados">Gyarados</span> became confused!</small></div><div class="spacer"></div><div><small><span class="battle-nickname" title="Gyarados">Gyarados</span> restored a little HP using its Leftovers!</small></div><h2>Turn 4</h2><div class="spacer"></div><div><small><span class="battle-nickname" title="Gyarados">Gyarados</span> is confused!</small></div><div class="spacer"></div><div><span class="battle-nickname" title="Gyarados">Gyarados</span> used <strong>Waterfall</strong>!</div><div><small>The opposing <span class="battle-nickname-foe" title="Machamp">Machamp</span> lost 56% of its health!</small><br></div><div class="spacer"></div><div>The opposing <span class="battle-nickname-foe" title="Machamp">Machamp</span> used <strong>Knock Off</strong>!</div><div><small><span class="battle-nickname" title="Gyarados">Gyarados</span> lost 32% of its health!</small><br></div><div><small>The opposing <span class="battle-nickname-foe" title="Machamp">Machamp</span> knocked off <span class="battle-nickname" title="Gyarados">Gyarados</span>'s Leftovers!</small></div><div class="spacer"></div><div><small>The opposing <span class="battle-nickname-foe" title="Machamp">Machamp</span> restored a little HP using its Leftovers!</small></div><h2>Turn 5</h2><div class="spacer"></div><div><small><span class="battle-nickname" title="Gyarados">Gyarados</span> snapped out of its confusion.</small></div><div class="spacer"></div><div><span class="battle-nickname" title="Gyarados">Gyarados</span> used <strong>Waterfall</strong>!</div><div><small>The opposing <span class="battle-nickname-foe" title="Machamp">Machamp</span> lost 50% of its health!</small><br></div><div class="spacer"></div><div>The opposing <span class="battle-nickname-foe" title="Machamp">Machamp</span> fainted!</div><div><small>[<span class="battle-nickname" title="Gyarados">Gyarados</span>'s Moxie!]</small></div><div><small><span class="battle-nickname" title="Gyarados">Gyarados</span>'s Attack rose! </small></div><div class="spacer"></div><div>G6o6d6 sent out Zangoose!</div><h2>Turn 6</h2><div class="spacer"></div><div><span class="battle-nickname" title="Gyarados">Gyarados</span> used <strong>Waterfall</strong>!</div><div><small>The opposing <span class="battle-nickname-foe" title="Zangoose">Zangoose</span> lost 100% of its health!</small><br></div><div class="spacer"></div><div>The opposing <span class="battle-nickname-foe" title="Zangoose">Zangoose</span> fainted!</div><div><small>[<span class="battle-nickname" title="Gyarados">Gyarados</span>'s Moxie!]</small></div><div><small><span class="battle-nickname" title="Gyarados">Gyarados</span>'s Attack rose! </small></div><div class="spacer"></div><div>G6o6d6 sent out Lunatone!</div><h2>Turn 7</h2><div class="spacer"></div><div><span class="battle-nickname" title="Gyarados">Gyarados</span> used <strong>Waterfall</strong>!</div><div><small>It's super effective! </small><small>The opposing <span class="battle-nickname-foe" title="Lunatone">Lunatone</span> lost 100% of its health!</small><br></div><div class="spacer"></div><div>The opposing <span class="battle-nickname-foe" title="Lunatone">Lunatone</span> fainted!</div><div><small>[<span class="battle-nickname" title="Gyarados">Gyarados</span>'s Moxie!]</small></div><div><small><span class="battle-nickname" title="Gyarados">Gyarados</span>'s Attack rose! </small></div><div class="spacer"></div><div>G6o6d6 sent out Vivillon!</div><h2>Turn 8</h2><div class="spacer"></div><div><span class="battle-nickname" title="Gyarados">Gyarados</span> used <strong>Waterfall</strong>!</div><div><small>The opposing <span class="battle-nickname-foe" title="Vivillon">Vivillon</span> lost 100% of its health!</small><br></div><div class="spacer"></div><div>The opposing <span class="battle-nickname-foe" title="Vivillon">Vivillon</span> fainted!</div><div><small>[<span class="battle-nickname" title="Gyarados">Gyarados</span>'s Moxie!]</small></div><div><small><span class="battle-nickname" title="Gyarados">Gyarados</span>'s Attack rose! </small></div><div class="spacer"></div><div>G6o6d6 sent out Tornadus!</div><h2>Turn 9</h2><div class="spacer"></div><div><span class="battle-nickname" title="Gyarados">Gyarados</span> used <strong>Waterfall</strong>!</div><div><small>A critical hit! </small><small>The opposing <span class="battle-nickname-foe" title="Tornadus">Tornadus</span> lost 100% of its health!</small><br></div><div class="spacer"></div><div>The opposing <span class="battle-nickname-foe" title="Tornadus">Tornadus</span> fainted!</div><div><small>[<span class="battle-nickname" title="Gyarados">Gyarados</span>'s Moxie!]</small></div><div><small><span class="battle-nickname" title="Gyarados">Gyarados</span>'s Attack rose! </small></div><div class="spacer"></div><div>G6o6d6 sent out Charizard!</div><h2>Turn 10</h2><div class="spacer"></div><div><small>The opposing <span class="battle-nickname-foe" title="Charizard-Mega-Y">Charizard</span>'s Charizardite Y is reacting to G6o6d6's Mega Bracelet!<br>The opposing <span class="battle-nickname-foe" title="Charizard-Mega-Y">Charizard</span> has Mega Evolved into Mega Charizard!</small></div><div><small>[Opposing <span class="battle-nickname-foe" title="Charizard-Mega-Y">Charizard</span>'s Drought!]</small></div><div><small>The sunlight turned harsh!</small></div><div class="spacer"></div><div><span class="battle-nickname" title="Gyarados">Gyarados</span> used <strong>Waterfall</strong>!</div><div><small>It's super effective! </small><small>The opposing <span class="battle-nickname-foe" title="Charizard-Mega-Y">Charizard</span> lost 100% of its health!</small><br></div><div class="spacer"></div><div>The opposing <span class="battle-nickname-foe" title="Charizard-Mega-Y">Charizard</span> fainted!</div><div class="spacer"></div><div>Geovanne M won the battle!</div><div class="chat">Geovanne M's rating: 1089 → <strong>1120</strong><br>(+31 for winning)</div><div class="chat">G6o6d6's rating: 1154 → <strong>1124</strong><br>(-30 for losing)</div><div class="chat"><small>G6o6d6 left.</small></div></div></div>
</div>
<script>
var daily = Math.floor(Date.now()/1000/60/60/24);document.write('<script src="https://play.pokemonshowdown.com/js/replay-embed.js?version'+daily+'"></'+'script>');
</script>
