<!DOCTYPE html>
<meta charset="utf-8" />
<!-- version 1 -->
<title>[Gen 7] Random Battle replay: RajonRandom vs. Rashimero</title>
<style>
html,body {font-family:Verdana, sans-serif;font-size:10pt;margin:0;padding:0;}body{padding:12px 0;} .battle-log {font-family:Verdana, sans-serif;font-size:10pt;} .battle-log-inline {border:1px solid #AAAAAA;background:#EEF2F5;color:black;max-width:640px;margin:0 auto 80px;padding-bottom:5px;} .battle-log .inner {padding:4px 8px 0px 8px;} .battle-log .inner-preempt {padding:0 8px 4px 8px;} .battle-log .inner-after {margin-top:0.5em;} .battle-log h2 {margin:0.5em -8px;padding:4px 8px;border:1px solid #AAAAAA;background:#E0E7EA;border-left:0;border-right:0;font-family:Verdana, sans-serif;font-size:13pt;} .battle-log .chat {vertical-align:middle;padding:3px 0 3px 0;font-size:8pt;} .battle-log .chat strong {color:#40576A;} .battle-log .chat em {padding:1px 4px 1px 3px;color:#000000;font-style:normal;} .chat.mine {background:rgba(0,0,0,0.05);margin-left:-8px;margin-right:-8px;padding-left:8px;padding-right:8px;} .spoiler {color:#BBBBBB;background:#BBBBBB;padding:0px 3px;} .spoiler:hover, .spoiler:active, .spoiler-shown {color:#000000;background:#E2E2E2;padding:0px 3px;} .spoiler a {color:#BBBBBB;} .spoiler:hover a, .spoiler:active a, .spoiler-shown a {color:#2288CC;} .chat code, .chat .spoiler:hover code, .chat .spoiler:active code, .chat .spoiler-shown code {border:1px solid #C0C0C0;background:#EEEEEE;color:black;padding:0 2px;} .chat .spoiler code {border:1px solid #CCCCCC;background:#CCCCCC;color:#CCCCCC;} .battle-log .rated {padding:3px 4px;} .battle-log .rated strong {color:white;background:#89A;padding:1px 4px;border-radius:4px;} .spacer {margin-top:0.5em;} .message-announce {background:#6688AA;color:white;padding:1px 4px 2px;} .message-announce a, .broadcast-green a, .broadcast-blue a, .broadcast-red a {color:#DDEEFF;} .broadcast-green {background-color:#559955;color:white;padding:2px 4px;} .broadcast-blue {background-color:#6688AA;color:white;padding:2px 4px;} .infobox {border:1px solid #6688AA;padding:2px 4px;} .infobox-limited {max-height:200px;overflow:auto;overflow-x:hidden;} .broadcast-red {background-color:#AA5544;color:white;padding:2px 4px;} .message-learn-canlearn {font-weight:bold;color:#228822;text-decoration:underline;} .message-learn-cannotlearn {font-weight:bold;color:#CC2222;text-decoration:underline;} .message-effect-weak {font-weight:bold;color:#CC2222;} .message-effect-resist {font-weight:bold;color:#6688AA;} .message-effect-immune {font-weight:bold;color:#666666;} .message-learn-list {margin-top:0;margin-bottom:0;} .message-throttle-notice, .message-error {color:#992222;} .message-overflow, .chat small.message-overflow {font-size:0pt;} .message-overflow::before {font-size:9pt;content:'...';} .subtle {color:#3A4A66;}
</style>
<div class="wrapper replay-wrapper" style="max-width:1180px;margin:0 auto">
<input type="hidden" name="replayid" value="gen7randombattle-566951161" />
<div class="battle"></div><div class="battle-log"></div><div class="replay-controls"></div><div class="replay-controls-2"></div>
<h1 style="font-weight:normal;text-align:center"><strong>[Gen 7] Random Battle</strong><br /><a href="http://pokemonshowdown.com/users/rajonrandom" class="subtle" target="_blank">RajonRandom</a> vs. <a href="http://pokemonshowdown.com/users/rashimero" class="subtle" target="_blank">Rashimero</a></h1>
<script type="text/plain" class="battle-log-data">|j|RajonRandom
|j|Rashimero
|player|p1|RajonRandom|266
|player|p2|Rashimero|153
|gametype|singles
|gen|7
|tier|[Gen 7] Random Battle
|rated
|seed|41272,21527,25974,52311,54761,27324,43878,15412,35737,10952,54289,35307
|rule|Sleep Clause Mod: Limit one foe put to sleep
|rule|HP Percentage Mod: HP is shown in percentages
|
|start
|switch|p1a: Klinklang|Klinklang, L79|100\/100
|switch|p2a: Nidoking|Nidoking, L77, M|100\/100
|turn|1
|choice|move shiftgear|move fireblast
|
|move|p1a: Klinklang|Shift Gear|p1a: Klinklang
|-boost|p1a: Klinklang|spe|2
|-boost|p1a: Klinklang|atk|1
|move|p2a: Nidoking|Fire Blast|p1a: Klinklang
|-supereffective|p1a: Klinklang
|-damage|p1a: Klinklang|6\/100
|
|upkeep
|turn|2
|choice|move geargrind|move substitute
|
|move|p1a: Klinklang|Gear Grind|p2a: Nidoking
|-damage|p2a: Nidoking|54\/100
|-damage|p2a: Nidoking|9\/100
|-hitcount|p2a: Nidoking|2
|-damage|p1a: Klinklang|0 fnt|[from] item: Life Orb
|faint|p1a: Klinklang
|move|p2a: Nidoking|Substitute|p2a: Nidoking
|-fail|p2a: Nidoking|move: Substitute|[weak]
|
|upkeep
|choice|switch 2|
|
|switch|p1a: Fearow|Fearow, L79, M|100\/100
|turn|3
|choice|move drillpeck|switch 4
|
|switch|p2a: Rotom|Rotom-Wash, L75|100\/100
|move|p1a: Fearow|Drill Peck|p2a: Rotom
|-resisted|p2a: Rotom
|-damage|p2a: Rotom|82\/100
|
|upkeep
|turn|4
|choice|switch 6|move willowisp
|
|switch|p1a: Lurantis|Lurantis, L79, M|100\/100
|move|p2a: Rotom|Will-O-Wisp|p1a: Lurantis|[miss]
|-miss|p2a: Rotom|p1a: Lurantis
|
|upkeep
|turn|5
|choice|move substitute|switch 2
|
|switch|p2a: Sawsbuck|Sawsbuck, L75, M|100\/100
|move|p1a: Lurantis|Substitute|p1a: Lurantis
|-start|p1a: Lurantis|Substitute
|-damage|p1a: Lurantis|75\/100
|
|upkeep
|turn|6
|choice|move hiddenpower|move substitute
|
|move|p2a: Sawsbuck|Substitute|p2a: Sawsbuck
|-start|p2a: Sawsbuck|Substitute
|-damage|p2a: Sawsbuck|75\/100
|move|p1a: Lurantis|Hidden Power|p2a: Sawsbuck
|-supereffective|p2a: Sawsbuck
|-end|p2a: Sawsbuck|Substitute
|-damage|p1a: Lurantis|65\/100|[from] item: Life Orb
|
|upkeep
|turn|7
|choice|move hiddenpower|switch 3
|
|switch|p2a: Jirachi|Jirachi, L75|100\/100
|move|p1a: Lurantis|Hidden Power|p2a: Jirachi
|-supereffective|p2a: Jirachi
|-damage|p2a: Jirachi|70\/100
|-damage|p1a: Lurantis|56\/100|[from] item: Life Orb
|
|-heal|p2a: Jirachi|76\/100|[from] item: Leftovers
|upkeep
|turn|8
|choice|move hiddenpower|move firepunch
|
|move|p2a: Jirachi|Fire Punch|p1a: Lurantis
|-supereffective|p1a: Lurantis
|-end|p1a: Lurantis|Substitute
|move|p1a: Lurantis|Hidden Power|p2a: Jirachi
|-supereffective|p2a: Jirachi
|-damage|p2a: Jirachi|44\/100
|-damage|p1a: Lurantis|45\/100|[from] item: Life Orb
|
|-heal|p2a: Jirachi|50\/100|[from] item: Leftovers
|upkeep
|turn|9
|choice|switch 4|move firepunch
|
|switch|p1a: Regirock|Regirock, L79|100\/100
|move|p2a: Jirachi|Fire Punch|p1a: Regirock
|-resisted|p1a: Regirock
|-damage|p1a: Regirock|96\/100
|
|-heal|p2a: Jirachi|57\/100|[from] item: Leftovers
|upkeep
|turn|10
|choice|move drainpunch|move ironhead
|
|move|p2a: Jirachi|Iron Head|p1a: Regirock
|-supereffective|p1a: Regirock
|-damage|p1a: Regirock|63\/100
|cant|p1a: Regirock|flinch
|
|-heal|p2a: Jirachi|63\/100|[from] item: Leftovers
|upkeep
|turn|11
|choice|switch 3|move uturn
|
|switch|p1a: Toxapex|Toxapex, L75, F|100\/100
|move|p2a: Jirachi|U-turn|p1a: Toxapex
|-resisted|p1a: Toxapex
|-damage|p1a: Toxapex|93\/100
|choice||switch 3
|
|switch|p2a: Sawsbuck|Sawsbuck, L75, M|75\/100
|
|-heal|p1a: Toxapex|99\/100|[from] item: Black Sludge
|upkeep
|turn|12
|choice|switch 5|move substitute
|
|switch|p1a: Mothim|Mothim, L79, M|100\/100
|move|p2a: Sawsbuck|Substitute|p2a: Sawsbuck
|-start|p2a: Sawsbuck|Substitute
|-damage|p2a: Sawsbuck|50\/100
|
|upkeep
|turn|13
|choice|move quiverdance|move batonpass
|
|move|p2a: Sawsbuck|Baton Pass|p2a: Sawsbuck
|choice||switch 5
|
|switch|p2a: Cloyster|Cloyster, L79, F|100\/100
|move|p1a: Mothim|Quiver Dance|p1a: Mothim
|-boost|p1a: Mothim|spa|1
|-boost|p1a: Mothim|spd|1
|-boost|p1a: Mothim|spe|1
|
|upkeep
|turn|14
|choice|move gigadrain|move shellsmash
|
|move|p1a: Mothim|Giga Drain|p2a: Cloyster
|-supereffective|p2a: Cloyster
|-end|p2a: Cloyster|Substitute
|-damage|p1a: Mothim|91\/100|[from] item: Life Orb
|move|p2a: Cloyster|Shell Smash|p2a: Cloyster
|-unboost|p2a: Cloyster|def|1
|-unboost|p2a: Cloyster|spd|1
|-boost|p2a: Cloyster|atk|2
|-boost|p2a: Cloyster|spa|2
|-boost|p2a: Cloyster|spe|2
|-enditem|p2a: Cloyster|White Herb
|-clearnegativeboost|p2a: Cloyster|[silent]
|
|upkeep
|turn|15
|choice|move gigadrain|move iciclespear
|
|move|p2a: Cloyster|Icicle Spear|p1a: Mothim
|-supereffective|p1a: Mothim
|-damage|p1a: Mothim|28\/100
|-supereffective|p1a: Mothim
|-damage|p1a: Mothim|0 fnt
|-hitcount|p1a: Mothim|2
|faint|p1a: Mothim
|
|upkeep
|-message|RajonRandom forfeited.
|
|win|Rashimero
|l|RajonRandom
|raw|RajonRandom's rating: 1123 &rarr; <strong>1095<\/strong><br \/>(-28 for losing)
|raw|Rashimero's rating: 1079 &rarr; <strong>1111<\/strong><br \/>(+32 for winning)</script>
</div>
<div class="battle-log battle-log-inline"><div class="inner"><div class="chat"><small>RajonRandom joined.</small></div><div class="chat"><small>Rashimero joined.</small></div><div style="padding:5px 0"><small>Format:</small> <br><strong>[Gen 7] Random Battle</strong></div><div class="rated"><strong>Rated battle</strong></div><div><small><em>Sleep Clause Mod:</em> Limit one foe put to sleep</small></div><div><small><em>HP Percentage Mod:</em> HP is shown in percentages</small></div><div>Battle between RajonRandom and Rashimero started!</div><div class="spacer"></div><div>Go! Klinklang!</div><div class="spacer"></div><div>Rashimero sent out Nidoking!</div><h2>Turn 1</h2><div class="spacer"></div><div><span class="battle-nickname" title="Klinklang">Klinklang</span> used <strong>Shift Gear</strong>!</div><div><small><span class="battle-nickname" title="Klinklang">Klinklang</span>'s Speed rose sharply! <span class="battle-nickname" title="Klinklang">Klinklang</span>'s Attack rose! </small></div><div class="spacer"></div><div>The opposing <span class="battle-nickname-foe" title="Nidoking">Nidoking</span> used <strong>Fire Blast</strong>!</div><div><small>It's super effective! </small><small><span class="battle-nickname" title="Klinklang">Klinklang</span> lost 94% of its health!</small><br></div><h2>Turn 2</h2><div class="spacer"></div><div><span class="battle-nickname" title="Klinklang">Klinklang</span> used <strong>Gear Grind</strong>!</div><div><small>The opposing <span class="battle-nickname-foe" title="Nidoking">Nidoking</span> lost 46% of its health!</small><br></div><div><small>The opposing <span class="battle-nickname-foe" title="Nidoking">Nidoking</span> lost 45% of its health!</small><br></div><div><small>Hit 2 times!</small></div><div><small><span class="battle-nickname" title="Klinklang">Klinklang</span> lost some of its HP!</small></div><div class="spacer"></div><div><span class="battle-nickname" title="Klinklang">Klinklang</span> fainted!</div><div class="spacer"></div><div>The opposing <span class="battle-nickname-foe" title="Nidoking">Nidoking</span> used <strong>Substitute</strong>!</div><div><small>But it does not have enough HP left to make a substitute!</small></div><div class="spacer"></div><div>Go! Fearow!</div><h2>Turn 3</h2><div class="spacer"></div><div>Rashimero withdrew Nidoking!</div><div class="spacer"></div><div>Rashimero sent out <span class="battle-nickname-foe" title="Rotom-Wash">Rotom <small>(Rotom-Wash)</small></span>!</div><div class="spacer"></div><div><span class="battle-nickname" title="Fearow">Fearow</span> used <strong>Drill Peck</strong>!</div><div><small>It's not very effective... </small><small>The opposing <span class="battle-nickname-foe" title="Rotom-Wash">Rotom</span> lost 18% of its health!</small><br></div><h2>Turn 4</h2><div class="spacer"></div><div><span class="battle-nickname" title="Fearow">Fearow</span>, come back!</div><div class="spacer"></div><div>Go! Lurantis!</div><div class="spacer"></div><div>The opposing <span class="battle-nickname-foe" title="Rotom-Wash">Rotom</span> used <strong>Will-O-Wisp</strong>!</div><div><small><span class="battle-nickname" title="Lurantis">Lurantis</span> avoided the attack!</small></div><h2>Turn 5</h2><div class="spacer"></div><div>Rashimero withdrew <span class="battle-nickname-foe" title="Rotom-Wash">Rotom <small>(Rotom-Wash)</small></span>!</div><div class="spacer"></div><div>Rashimero sent out Sawsbuck!</div><div class="spacer"></div><div><span class="battle-nickname" title="Lurantis">Lurantis</span> used <strong>Substitute</strong>!</div><div><small><span class="battle-nickname" title="Lurantis">Lurantis</span> put in a substitute!</small></div><div><small><span class="battle-nickname" title="Lurantis">Lurantis</span> lost 25% of its health!</small><br></div><h2>Turn 6</h2><div class="spacer"></div><div>The opposing <span class="battle-nickname-foe" title="Sawsbuck">Sawsbuck</span> used <strong>Substitute</strong>!</div><div><small>The opposing <span class="battle-nickname-foe" title="Sawsbuck">Sawsbuck</span> put in a substitute!</small></div><div><small>The opposing <span class="battle-nickname-foe" title="Sawsbuck">Sawsbuck</span> lost 25% of its health!</small><br></div><div class="spacer"></div><div><span class="battle-nickname" title="Lurantis">Lurantis</span> used <strong>Hidden Power</strong>!</div><div><small>It's super effective! The opposing <span class="battle-nickname-foe" title="Sawsbuck">Sawsbuck</span>'s substitute faded!</small></div><div><small><span class="battle-nickname" title="Lurantis">Lurantis</span> lost some of its HP!</small></div><h2>Turn 7</h2><div class="spacer"></div><div>Rashimero withdrew Sawsbuck!</div><div class="spacer"></div><div>Rashimero sent out Jirachi!</div><div class="spacer"></div><div><span class="battle-nickname" title="Lurantis">Lurantis</span> used <strong>Hidden Power</strong>!</div><div><small>It's super effective! </small><small>The opposing <span class="battle-nickname-foe" title="Jirachi">Jirachi</span> lost 30% of its health!</small><br></div><div><small><span class="battle-nickname" title="Lurantis">Lurantis</span> lost some of its HP!</small></div><div class="spacer"></div><div><small>The opposing <span class="battle-nickname-foe" title="Jirachi">Jirachi</span> restored a little HP using its Leftovers!</small></div><h2>Turn 8</h2><div class="spacer"></div><div>The opposing <span class="battle-nickname-foe" title="Jirachi">Jirachi</span> used <strong>Fire Punch</strong>!</div><div><small>It's super effective! <span class="battle-nickname" title="Lurantis">Lurantis</span>'s substitute faded!</small></div><div class="spacer"></div><div><span class="battle-nickname" title="Lurantis">Lurantis</span> used <strong>Hidden Power</strong>!</div><div><small>It's super effective! </small><small>The opposing <span class="battle-nickname-foe" title="Jirachi">Jirachi</span> lost 32% of its health!</small><br></div><div><small><span class="battle-nickname" title="Lurantis">Lurantis</span> lost some of its HP!</small></div><div class="spacer"></div><div><small>The opposing <span class="battle-nickname-foe" title="Jirachi">Jirachi</span> restored a little HP using its Leftovers!</small></div><h2>Turn 9</h2><div class="spacer"></div><div><span class="battle-nickname" title="Lurantis">Lurantis</span>, come back!</div><div class="spacer"></div><div>Go! Regirock!</div><div class="spacer"></div><div>The opposing <span class="battle-nickname-foe" title="Jirachi">Jirachi</span> used <strong>Fire Punch</strong>!</div><div><small>It's not very effective... </small><small><span class="battle-nickname" title="Regirock">Regirock</span> lost 4% of its health!</small><br></div><div class="spacer"></div><div><small>The opposing <span class="battle-nickname-foe" title="Jirachi">Jirachi</span> restored a little HP using its Leftovers!</small></div><h2>Turn 10</h2><div class="spacer"></div><div>The opposing <span class="battle-nickname-foe" title="Jirachi">Jirachi</span> used <strong>Iron Head</strong>!</div><div><small>It's super effective! </small><small><span class="battle-nickname" title="Regirock">Regirock</span> lost 33% of its health!</small><br></div><div class="spacer"></div><div><span class="battle-nickname" title="Regirock">Regirock</span> flinched and couldn't move!</div><div class="spacer"></div><div><small>The opposing <span class="battle-nickname-foe" title="Jirachi">Jirachi</span> restored a little HP using its Leftovers!</small></div><h2>Turn 11</h2><div class="spacer"></div><div><span class="battle-nickname" title="Regirock">Regirock</span>, come back!</div><div class="spacer"></div><div>Go! Toxapex!</div><div class="spacer"></div><div>The opposing <span class="battle-nickname-foe" title="Jirachi">Jirachi</span> used <strong>U-turn</strong>!</div><div><small>It's not very effective... </small><small><span class="battle-nickname" title="Toxapex">Toxapex</span> lost 7% of its health!</small><br></div><div class="spacer"></div><div>The opposing <span class="battle-nickname-foe" title="Jirachi">Jirachi</span> went back to Rashimero!</div><div class="spacer"></div><div>Rashimero sent out Sawsbuck!</div><div class="spacer"></div><div><small><span class="battle-nickname" title="Toxapex">Toxapex</span> restored a little HP using its Black Sludge!</small></div><h2>Turn 12</h2><div class="spacer"></div><div><span class="battle-nickname" title="Toxapex">Toxapex</span>, come back!</div><div class="spacer"></div><div>Go! Mothim!</div><div class="spacer"></div><div>The opposing <span class="battle-nickname-foe" title="Sawsbuck">Sawsbuck</span> used <strong>Substitute</strong>!</div><div><small>The opposing <span class="battle-nickname-foe" title="Sawsbuck">Sawsbuck</span> put in a substitute!</small></div><div><small>The opposing <span class="battle-nickname-foe" title="Sawsbuck">Sawsbuck</span> lost 25% of its health!</small><br></div><h2>Turn 13</h2><div class="spacer"></div><div>The opposing <span class="battle-nickname-foe" title="Sawsbuck">Sawsbuck</span> used <strong>Baton Pass</strong>!</div><div class="spacer"></div><div>Rashimero sent out Cloyster!</div><div class="spacer"></div><div><span class="battle-nickname" title="Mothim">Mothim</span> used <strong>Quiver Dance</strong>!</div><div><small><span class="battle-nickname" title="Mothim">Mothim</span>'s Special Attack rose! <span class="battle-nickname" title="Mothim">Mothim</span>'s Special Defense rose! <span class="battle-nickname" title="Mothim">Mothim</span>'s Speed rose! </small></div><h2>Turn 14</h2><div class="spacer"></div><div><span class="battle-nickname" title="Mothim">Mothim</span> used <strong>Giga Drain</strong>!</div><div><small>It's super effective! The opposing <span class="battle-nickname-foe" title="Cloyster">Cloyster</span>'s substitute faded!</small></div><div><small><span class="battle-nickname" title="Mothim">Mothim</span> lost some of its HP!</small></div><div class="spacer"></div><div>The opposing <span class="battle-nickname-foe" title="Cloyster">Cloyster</span> used <strong>Shell Smash</strong>!</div><div><small>The opposing <span class="battle-nickname-foe" title="Cloyster">Cloyster</span>'s Defense fell! The opposing <span class="battle-nickname-foe" title="Cloyster">Cloyster</span>'s Special Defense fell! </small></div><div><small>The opposing <span class="battle-nickname-foe" title="Cloyster">Cloyster</span>'s Attack rose sharply! The opposing <span class="battle-nickname-foe" title="Cloyster">Cloyster</span>'s Special Attack rose sharply! The opposing <span class="battle-nickname-foe" title="Cloyster">Cloyster</span>'s Speed rose sharply! </small></div><div><small>The opposing <span class="battle-nickname-foe" title="Cloyster">Cloyster</span> returned its status to normal using its White Herb!</small></div><h2>Turn 15</h2><div class="spacer"></div><div>The opposing <span class="battle-nickname-foe" title="Cloyster">Cloyster</span> used <strong>Icicle Spear</strong>!</div><div><small>It's super effective! </small><small><span class="battle-nickname" title="Mothim">Mothim</span> lost 63% of its health!</small><br></div><div><small>It's super effective! </small><small><span class="battle-nickname" title="Mothim">Mothim</span> lost 28% of its health!</small><br></div><div><small>Hit 2 times!</small></div><div class="spacer"></div><div><span class="battle-nickname" title="Mothim">Mothim</span> fainted!</div><div class="spacer"></div><div><small>RajonRandom forfeited.</small></div><div class="spacer"></div><div>Rashimero won the battle!</div><div class="chat"><small>RajonRandom left.</small></div><div class="chat">RajonRandom's rating: 1123 → <strong>1095</strong><br>(-28 for losing)</div><div class="chat">Rashimero's rating: 1079 → <strong>1111</strong><br>(+32 for winning)</div></div></div>
</div>
<script>
var daily = Math.floor(Date.now()/1000/60/60/24);document.write('<script src="https://play.pokemonshowdown.com/js/replay-embed.js?version'+daily+'"></'+'script>');
</script>
