<!DOCTYPE html>
<meta charset="utf-8" />
<!-- version 1 -->
<title>[Gen 7] Random Battle replay: aaditmshah vs. therexer139</title>
<style>
html,body {font-family:Verdana, sans-serif;font-size:10pt;margin:0;padding:0;}body{padding:12px 0;} .battle-log {font-family:Verdana, sans-serif;font-size:10pt;} .battle-log-inline {border:1px solid #AAAAAA;background:#EEF2F5;color:black;max-width:640px;margin:0 auto 80px;padding-bottom:5px;} .battle-log .inner {padding:4px 8px 0px 8px;} .battle-log .inner-preempt {padding:0 8px 4px 8px;} .battle-log .inner-after {margin-top:0.5em;} .battle-log h2 {margin:0.5em -8px;padding:4px 8px;border:1px solid #AAAAAA;background:#E0E7EA;border-left:0;border-right:0;font-family:Verdana, sans-serif;font-size:13pt;} .battle-log .chat {vertical-align:middle;padding:3px 0 3px 0;font-size:8pt;} .battle-log .chat strong {color:#40576A;} .battle-log .chat em {padding:1px 4px 1px 3px;color:#000000;font-style:normal;} .chat.mine {background:rgba(0,0,0,0.05);margin-left:-8px;margin-right:-8px;padding-left:8px;padding-right:8px;} .spoiler {color:#BBBBBB;background:#BBBBBB;padding:0px 3px;} .spoiler:hover, .spoiler:active, .spoiler-shown {color:#000000;background:#E2E2E2;padding:0px 3px;} .spoiler a {color:#BBBBBB;} .spoiler:hover a, .spoiler:active a, .spoiler-shown a {color:#2288CC;} .chat code, .chat .spoiler:hover code, .chat .spoiler:active code, .chat .spoiler-shown code {border:1px solid #C0C0C0;background:#EEEEEE;color:black;padding:0 2px;} .chat .spoiler code {border:1px solid #CCCCCC;background:#CCCCCC;color:#CCCCCC;} .battle-log .rated {padding:3px 4px;} .battle-log .rated strong {color:white;background:#89A;padding:1px 4px;border-radius:4px;} .spacer {margin-top:0.5em;} .message-announce {background:#6688AA;color:white;padding:1px 4px 2px;} .message-announce a, .broadcast-green a, .broadcast-blue a, .broadcast-red a {color:#DDEEFF;} .broadcast-green {background-color:#559955;color:white;padding:2px 4px;} .broadcast-blue {background-color:#6688AA;color:white;padding:2px 4px;} .infobox {border:1px solid #6688AA;padding:2px 4px;} .infobox-limited {max-height:200px;overflow:auto;overflow-x:hidden;} .broadcast-red {background-color:#AA5544;color:white;padding:2px 4px;} .message-learn-canlearn {font-weight:bold;color:#228822;text-decoration:underline;} .message-learn-cannotlearn {font-weight:bold;color:#CC2222;text-decoration:underline;} .message-effect-weak {font-weight:bold;color:#CC2222;} .message-effect-resist {font-weight:bold;color:#6688AA;} .message-effect-immune {font-weight:bold;color:#666666;} .message-learn-list {margin-top:0;margin-bottom:0;} .message-throttle-notice, .message-error {color:#992222;} .message-overflow, .chat small.message-overflow {font-size:0pt;} .message-overflow::before {font-size:9pt;content:'...';} .subtle {color:#3A4A66;}
</style>
<div class="wrapper replay-wrapper" style="max-width:1180px;margin:0 auto">
<input type="hidden" name="replayid" value="gen7randombattle-566843319" />
<div class="battle"></div><div class="battle-log"></div><div class="replay-controls"></div><div class="replay-controls-2"></div>
<h1 style="font-weight:normal;text-align:center"><strong>[Gen 7] Random Battle</strong><br /><a href="http://pokemonshowdown.com/users/aaditmshah" class="subtle" target="_blank">aaditmshah</a> vs. <a href="http://pokemonshowdown.com/users/therexer139" class="subtle" target="_blank">therexer139</a></h1>
<script type="text/plain" class="battle-log-data">|j|aaditmshah
|j|therexer139
|player|p1|aaditmshah|170
|player|p2|therexer139|2
|gametype|singles
|gen|7
|tier|[Gen 7] Random Battle
|rated
|seed|22305,22719,19038,99,1703,26829,18559,35478,18181,49547,44462,35098
|rule|Sleep Clause Mod: Limit one foe put to sleep
|rule|HP Percentage Mod: HP is shown in percentages
|
|start
|switch|p1a: Kingler|Kingler, L79, F|100\/100
|switch|p2a: Hippowdon|Hippowdon, L77, M|100\/100
|-weather|Sandstorm|[from] ability: Sand Stream|[of] p2a: Hippowdon
|turn|1
|inactive|Battle timer is ON: inactive players will automatically lose when time's up. (requested by aaditmshah)
|choice|move crabhammer|switch 4
|
|switch|p2a: Unfezant|Unfezant, L79, F|100\/100
|move|p1a: Kingler|Crabhammer|p2a: Unfezant
|-damage|p2a: Unfezant|37\/100
|-damage|p1a: Kingler|91\/100|[from] item: Life Orb
|
|-weather|Sandstorm|[upkeep]
|-damage|p2a: Unfezant|31\/100|[from] sandstorm
|-damage|p1a: Kingler|85\/100|[from] sandstorm
|upkeep
|turn|2
|choice|move knockoff|move hypnosis
|
|move|p2a: Unfezant|Hypnosis|p1a: Kingler
|-status|p1a: Kingler|slp
|cant|p1a: Kingler|slp
|
|-weather|Sandstorm|[upkeep]
|-damage|p2a: Unfezant|26\/100|[from] sandstorm
|-damage|p1a: Kingler|79\/100 slp|[from] sandstorm
|upkeep
|turn|3
|choice|switch 4|switch 2
|
|switch|p2a: Gorebyss|Gorebyss, L75, M|100\/100
|switch|p1a: Mandibuzz|Mandibuzz, L77, F|100\/100
|
|-weather|Sandstorm|[upkeep]
|-damage|p2a: Gorebyss|95\/100|[from] sandstorm
|upkeep
|turn|4
|choice|move taunt|move shellsmash
|
|move|p1a: Mandibuzz|Taunt|p2a: Gorebyss
|-start|p2a: Gorebyss|move: Taunt
|cant|p2a: Gorebyss|move: Taunt|Shell Smash
|
|-weather|Sandstorm|[upkeep]
|-damage|p2a: Gorebyss|89\/100|[from] sandstorm
|upkeep
|turn|5
|choice|move bravebird|move hydropump
|
|move|p1a: Mandibuzz|Brave Bird|p2a: Gorebyss
|-damage|p2a: Gorebyss|53\/100
|-damage|p1a: Mandibuzz|92\/100|[from] recoil|[of] p2a: Gorebyss
|move|p2a: Gorebyss|Hydro Pump|p1a: Mandibuzz
|-damage|p1a: Mandibuzz|55\/100
|
|-weather|none
|-heal|p1a: Mandibuzz|62\/100|[from] item: Leftovers
|upkeep
|turn|6
|choice|move bravebird|move hydropump
|
|move|p1a: Mandibuzz|Brave Bird|p2a: Gorebyss
|-damage|p2a: Gorebyss|15\/100
|-damage|p1a: Mandibuzz|53\/100|[from] recoil|[of] p2a: Gorebyss
|move|p2a: Gorebyss|Hydro Pump|p1a: Mandibuzz
|-damage|p1a: Mandibuzz|15\/100
|
|-heal|p1a: Mandibuzz|21\/100|[from] item: Leftovers
|-end|p2a: Gorebyss|move: Taunt
|upkeep
|turn|7
|choice|move bravebird|switch 4
|
|switch|p2a: Hippowdon|Hippowdon, L77, M|100\/100
|-weather|Sandstorm|[from] ability: Sand Stream|[of] p2a: Hippowdon
|move|p1a: Mandibuzz|Brave Bird|p2a: Hippowdon
|-damage|p2a: Hippowdon|76\/100
|-damage|p1a: Mandibuzz|13\/100|[from] recoil|[of] p2a: Hippowdon
|
|-weather|Sandstorm|[upkeep]
|-heal|p1a: Mandibuzz|19\/100|[from] item: Leftovers
|-heal|p2a: Hippowdon|82\/100|[from] item: Leftovers
|upkeep
|turn|8
|choice|move roost|move stealthrock
|
|move|p1a: Mandibuzz|Roost|p1a: Mandibuzz
|-heal|p1a: Mandibuzz|69\/100
|move|p2a: Hippowdon|Stealth Rock|p1a: Mandibuzz
|-sidestart|p1: aaditmshah|move: Stealth Rock
|
|-weather|Sandstorm|[upkeep]
|-heal|p1a: Mandibuzz|75\/100|[from] item: Leftovers
|-heal|p2a: Hippowdon|88\/100|[from] item: Leftovers
|upkeep
|turn|9
|choice|move defog|move stoneedge
|
|move|p1a: Mandibuzz|Defog|p2a: Hippowdon
|-unboost|p2a: Hippowdon|evasion|1
|-sideend|p1: aaditmshah|Stealth Rock|[from] move: Defog|[of] p1a: Mandibuzz
|move|p2a: Hippowdon|Stone Edge|p1a: Mandibuzz|[miss]
|-miss|p2a: Hippowdon|p1a: Mandibuzz
|
|-weather|Sandstorm|[upkeep]
|-heal|p1a: Mandibuzz|81\/100|[from] item: Leftovers
|-heal|p2a: Hippowdon|94\/100|[from] item: Leftovers
|upkeep
|turn|10
|choice|move taunt|move stoneedge
|
|move|p1a: Mandibuzz|Taunt|p2a: Hippowdon
|-start|p2a: Hippowdon|move: Taunt
|move|p2a: Hippowdon|Stone Edge|p1a: Mandibuzz
|-supereffective|p1a: Mandibuzz
|-damage|p1a: Mandibuzz|37\/100
|
|-weather|Sandstorm|[upkeep]
|-heal|p1a: Mandibuzz|43\/100|[from] item: Leftovers
|-heal|p2a: Hippowdon|100\/100|[from] item: Leftovers
|upkeep
|turn|11
|choice|move roost|move stoneedge
|
|move|p1a: Mandibuzz|Roost|p1a: Mandibuzz
|-heal|p1a: Mandibuzz|93\/100
|move|p2a: Hippowdon|Stone Edge|p1a: Mandibuzz
|-damage|p1a: Mandibuzz|73\/100
|
|-weather|none
|-heal|p1a: Mandibuzz|79\/100|[from] item: Leftovers
|upkeep
|turn|12
|choice|move bravebird|move stoneedge
|
|move|p1a: Mandibuzz|Brave Bird|p2a: Hippowdon
|-damage|p2a: Hippowdon|77\/100
|-damage|p1a: Mandibuzz|71\/100|[from] recoil|[of] p2a: Hippowdon
|move|p2a: Hippowdon|Stone Edge|p1a: Mandibuzz
|-supereffective|p1a: Mandibuzz
|-damage|p1a: Mandibuzz|31\/100
|
|-heal|p1a: Mandibuzz|37\/100|[from] item: Leftovers
|-heal|p2a: Hippowdon|83\/100|[from] item: Leftovers
|-end|p2a: Hippowdon|move: Taunt
|upkeep
|turn|13
|choice|move roost|move stoneedge
|
|move|p1a: Mandibuzz|Roost|p1a: Mandibuzz
|-heal|p1a: Mandibuzz|88\/100
|move|p2a: Hippowdon|Stone Edge|p1a: Mandibuzz
|-damage|p1a: Mandibuzz|68\/100
|
|-heal|p1a: Mandibuzz|74\/100|[from] item: Leftovers
|-heal|p2a: Hippowdon|89\/100|[from] item: Leftovers
|upkeep
|turn|14
|choice|move taunt|move stoneedge
|
|move|p1a: Mandibuzz|Taunt|p2a: Hippowdon
|-start|p2a: Hippowdon|move: Taunt
|move|p2a: Hippowdon|Stone Edge|p1a: Mandibuzz
|-supereffective|p1a: Mandibuzz
|-damage|p1a: Mandibuzz|31\/100
|
|-heal|p1a: Mandibuzz|37\/100|[from] item: Leftovers
|-heal|p2a: Hippowdon|95\/100|[from] item: Leftovers
|upkeep
|turn|15
|choice|move roost|move earthquake
|
|move|p1a: Mandibuzz|Roost|p1a: Mandibuzz
|-heal|p1a: Mandibuzz|88\/100
|move|p2a: Hippowdon|Earthquake|p1a: Mandibuzz
|-damage|p1a: Mandibuzz|56\/100
|
|-heal|p1a: Mandibuzz|62\/100|[from] item: Leftovers
|-heal|p2a: Hippowdon|100\/100|[from] item: Leftovers
|upkeep
|turn|16
|choice|move bravebird|move stoneedge
|
|move|p1a: Mandibuzz|Brave Bird|p2a: Hippowdon
|-damage|p2a: Hippowdon|76\/100
|-damage|p1a: Mandibuzz|54\/100|[from] recoil|[of] p2a: Hippowdon
|move|p2a: Hippowdon|Stone Edge|p1a: Mandibuzz
|-supereffective|p1a: Mandibuzz
|-damage|p1a: Mandibuzz|11\/100
|
|-heal|p1a: Mandibuzz|17\/100|[from] item: Leftovers
|-heal|p2a: Hippowdon|82\/100|[from] item: Leftovers
|-end|p2a: Hippowdon|move: Taunt
|upkeep
|turn|17
|choice|move roost|move stealthrock
|
|move|p1a: Mandibuzz|Roost|p1a: Mandibuzz
|-heal|p1a: Mandibuzz|67\/100
|move|p2a: Hippowdon|Stealth Rock|p1a: Mandibuzz
|-sidestart|p1: aaditmshah|move: Stealth Rock
|
|-heal|p1a: Mandibuzz|73\/100|[from] item: Leftovers
|-heal|p2a: Hippowdon|88\/100|[from] item: Leftovers
|upkeep
|turn|18
|choice|move defog|switch 6
|
|switch|p2a: Togekiss|Togekiss, L77, F|100\/100
|move|p1a: Mandibuzz|Defog|p2a: Togekiss
|-unboost|p2a: Togekiss|evasion|1
|-sideend|p1: aaditmshah|Stealth Rock|[from] move: Defog|[of] p1a: Mandibuzz
|
|-heal|p1a: Mandibuzz|79\/100|[from] item: Leftovers
|upkeep
|turn|19
|choice|switch 6|move aurasphere
|
|switch|p1a: Flygon|Flygon, L79, F|100\/100
|move|p2a: Togekiss|Aura Sphere|p1a: Flygon
|-damage|p1a: Flygon|75\/100
|
|upkeep
|turn|20
|choice|move stoneedge|move airslash
|
|move|p1a: Flygon|Stone Edge|p2a: Togekiss
|-supereffective|p2a: Togekiss
|-damage|p2a: Togekiss|48\/100
|move|p2a: Togekiss|Air Slash|p1a: Flygon
|-damage|p1a: Flygon|43\/100
|
|-heal|p2a: Togekiss|55\/100|[from] item: Leftovers
|upkeep
|turn|21
|choice|move stoneedge|move roost
|
|move|p1a: Flygon|Stone Edge|p2a: Togekiss
|-supereffective|p2a: Togekiss
|-damage|p2a: Togekiss|7\/100
|move|p2a: Togekiss|Roost|p2a: Togekiss
|-heal|p2a: Togekiss|57\/100
|
|-heal|p2a: Togekiss|64\/100|[from] item: Leftovers
|upkeep
|turn|22
|choice|move stoneedge|move roost
|
|move|p1a: Flygon|Stone Edge|p2a: Togekiss
|-supereffective|p2a: Togekiss
|-crit|p2a: Togekiss
|-damage|p2a: Togekiss|0 fnt
|faint|p2a: Togekiss
|
|upkeep
|choice||switch 4
|
|switch|p2a: Gorebyss|Gorebyss, L75, M|15\/100
|turn|23
|choice|move stoneedge|move hydropump
|
|move|p1a: Flygon|Stone Edge|p2a: Gorebyss|[miss]
|-miss|p1a: Flygon|p2a: Gorebyss
|move|p2a: Gorebyss|Hydro Pump|p1a: Flygon|[miss]
|-miss|p2a: Gorebyss|p1a: Flygon
|
|upkeep
|turn|24
|choice|move stoneedge|move hydropump
|
|move|p1a: Flygon|Stone Edge|p2a: Gorebyss
|-damage|p2a: Gorebyss|0 fnt
|faint|p2a: Gorebyss
|
|upkeep
|choice||switch 5
|
|switch|p2a: Swalot|Swalot, L79, F|100\/100
|turn|25
|choice|switch 5|move icebeam
|
|switch|p1a: Golisopod|Golisopod, L79, M|100\/100
|move|p2a: Swalot|Ice Beam|p1a: Golisopod
|-resisted|p1a: Golisopod
|-damage|p1a: Golisopod|91\/100
|
|upkeep
|turn|26
|choice|move liquidation|move sludgebomb
|
|move|p2a: Swalot|Sludge Bomb|p1a: Golisopod
|-damage|p1a: Golisopod|62\/100
|-status|p1a: Golisopod|psn
|move|p1a: Golisopod|Liquidation|p2a: Swalot
|-damage|p2a: Swalot|47\/100
|
|-heal|p2a: Swalot|54\/100|[from] item: Black Sludge
|-damage|p1a: Golisopod|49\/100 psn|[from] psn
|-activate|p1a: Golisopod|ability: Emergency Exit
|upkeep
|choice|switch 5|
|
|switch|p1a: Flygon|Flygon, L79, F|43\/100
|turn|27
|choice|move earthquake|move icebeam
|
|move|p1a: Flygon|Earthquake|p2a: Swalot
|-supereffective|p2a: Swalot
|-damage|p2a: Swalot|0 fnt
|faint|p2a: Swalot
|
|upkeep
|choice||switch 6
|
|switch|p2a: Hippowdon|Hippowdon, L77, M|88\/100
|-weather|Sandstorm|[from] ability: Sand Stream|[of] p2a: Hippowdon
|turn|28
|choice|switch 6|move stealthrock
|
|switch|p1a: Mandibuzz|Mandibuzz, L77, F|79\/100
|move|p2a: Hippowdon|Stealth Rock|p1a: Mandibuzz
|-sidestart|p1: aaditmshah|move: Stealth Rock
|
|-weather|Sandstorm|[upkeep]
|-heal|p1a: Mandibuzz|85\/100|[from] item: Leftovers
|-heal|p2a: Hippowdon|94\/100|[from] item: Leftovers
|upkeep
|turn|29
|choice|move defog|switch 2
|
|switch|p2a: Unfezant|Unfezant, L79, F|26\/100
|move|p1a: Mandibuzz|Defog|p2a: Unfezant
|-unboost|p2a: Unfezant|evasion|1
|-sideend|p1: aaditmshah|Stealth Rock|[from] move: Defog|[of] p1a: Mandibuzz
|
|-weather|Sandstorm|[upkeep]
|-damage|p2a: Unfezant|20\/100|[from] sandstorm
|-heal|p1a: Mandibuzz|91\/100|[from] item: Leftovers
|upkeep
|turn|30
|choice|move bravebird|move hypnosis
|
|move|p2a: Unfezant|Hypnosis|p1a: Mandibuzz
|-message|Sleep Clause Mod activated.
|move|p1a: Mandibuzz|Brave Bird|p2a: Unfezant
|-crit|p2a: Unfezant
|-damage|p2a: Unfezant|0 fnt
|-damage|p1a: Mandibuzz|86\/100|[from] recoil|[of] p2a: Unfezant
|faint|p2a: Unfezant
|
|-weather|Sandstorm|[upkeep]
|-heal|p1a: Mandibuzz|92\/100|[from] item: Leftovers
|upkeep
|choice||switch 3
|
|switch|p2a: Groudon|Groudon, L73|100\/100
|-weather|SunnyDay|[from] ability: Drought|[of] p2a: Groudon
|turn|31
|choice|switch 5|move stoneedge
|
|switch|p1a: Golisopod|Golisopod, L79, M|49\/100 psn
|move|p2a: Groudon|Stone Edge|p1a: Golisopod
|-supereffective|p1a: Golisopod
|-damage|p1a: Golisopod|7\/100 psn
|
|-weather|SunnyDay|[upkeep]
|-damage|p1a: Golisopod|0 fnt|[from] psn
|upkeep
|faint|p1a: Golisopod
|choice|switch 6|
|
|switch|p1a: Flygon|Flygon, L79, F|43\/100
|turn|32
|choice|move outrage|move stoneedge
|
|move|p1a: Flygon|Outrage|p2a: Groudon
|-damage|p2a: Groudon|63\/100
|move|p2a: Groudon|Stone Edge|p1a: Flygon
|-resisted|p1a: Flygon
|-damage|p1a: Flygon|27\/100
|
|-weather|SunnyDay|[upkeep]
|-heal|p2a: Groudon|69\/100|[from] item: Leftovers
|upkeep
|turn|33
|choice|move outrage|move firepunch
|
|move|p1a: Flygon|Outrage|p2a: Groudon|[from]lockedmove
|-crit|p2a: Groudon
|-damage|p2a: Groudon|19\/100
|-start|p1a: Flygon|confusion|[fatigue]
|move|p2a: Groudon|Fire Punch|p1a: Flygon
|-resisted|p1a: Flygon
|-damage|p1a: Flygon|8\/100
|
|-weather|SunnyDay|[upkeep]
|-heal|p2a: Groudon|25\/100|[from] item: Leftovers
|upkeep
|turn|34
|choice|move outrage|switch 2
|
|switch|p2a: Hippowdon|Hippowdon, L77, M|94\/100
|-weather|Sandstorm|[from] ability: Sand Stream|[of] p2a: Hippowdon
|-activate|p1a: Flygon|confusion
|move|p1a: Flygon|Outrage|p2a: Hippowdon
|-damage|p2a: Hippowdon|61\/100
|
|-weather|Sandstorm|[upkeep]
|-heal|p2a: Hippowdon|67\/100|[from] item: Leftovers
|upkeep
|turn|35
|choice|move outrage|move slackoff
|
|-activate|p1a: Flygon|confusion
|move|p1a: Flygon|Outrage|p2a: Hippowdon|[from]lockedmove
|-damage|p2a: Hippowdon|35\/100
|move|p2a: Hippowdon|Slack Off|p2a: Hippowdon
|-heal|p2a: Hippowdon|85\/100
|
|-weather|Sandstorm|[upkeep]
|-heal|p2a: Hippowdon|91\/100|[from] item: Leftovers
|upkeep
|turn|36
|choice|move outrage|move stealthrock
|
|-end|p1a: Flygon|confusion
|move|p1a: Flygon|Outrage|p2a: Hippowdon|[from]lockedmove
|-crit|p2a: Hippowdon
|-damage|p2a: Hippowdon|40\/100
|-start|p1a: Flygon|confusion|[fatigue]
|move|p2a: Hippowdon|Stealth Rock|p1a: Flygon
|-sidestart|p1: aaditmshah|move: Stealth Rock
|
|-weather|Sandstorm|[upkeep]
|-heal|p2a: Hippowdon|46\/100|[from] item: Leftovers
|upkeep
|turn|37
|choice|switch 5|move slackoff
|
|switch|p1a: Mandibuzz|Mandibuzz, L77, F|92\/100
|-damage|p1a: Mandibuzz|67\/100|[from] Stealth Rock
|move|p2a: Hippowdon|Slack Off|p2a: Hippowdon
|-heal|p2a: Hippowdon|96\/100
|
|-weather|Sandstorm|[upkeep]
|-heal|p1a: Mandibuzz|73\/100|[from] item: Leftovers
|-heal|p2a: Hippowdon|100\/100|[from] item: Leftovers
|upkeep
|turn|38
|choice|move defog|move stealthrock
|
|move|p1a: Mandibuzz|Defog|p2a: Hippowdon
|-unboost|p2a: Hippowdon|evasion|1
|-sideend|p1: aaditmshah|Stealth Rock|[from] move: Defog|[of] p1a: Mandibuzz
|move|p2a: Hippowdon|Stealth Rock|p1a: Mandibuzz
|-sidestart|p1: aaditmshah|move: Stealth Rock
|
|-weather|none
|-heal|p1a: Mandibuzz|79\/100|[from] item: Leftovers
|upkeep
|turn|39
|choice|move defog|switch 2
|
|switch|p2a: Groudon|Groudon, L73|25\/100
|-weather|SunnyDay|[from] ability: Drought|[of] p2a: Groudon
|move|p1a: Mandibuzz|Defog|p2a: Groudon
|-unboost|p2a: Groudon|evasion|1
|-sideend|p1: aaditmshah|Stealth Rock|[from] move: Defog|[of] p1a: Mandibuzz
|
|-weather|SunnyDay|[upkeep]
|-heal|p2a: Groudon|31\/100|[from] item: Leftovers
|-heal|p1a: Mandibuzz|86\/100|[from] item: Leftovers
|upkeep
|turn|40
|choice|switch 5|move stoneedge
|
|switch|p1a: Flygon|Flygon, L79, F|8\/100
|move|p2a: Groudon|Stone Edge|p1a: Flygon
|-resisted|p1a: Flygon
|-damage|p1a: Flygon|0 fnt
|faint|p1a: Flygon
|
|-weather|SunnyDay|[upkeep]
|-heal|p2a: Groudon|37\/100|[from] item: Leftovers
|upkeep
|choice|switch 2|
|
|switch|p1a: Girafarig|Girafarig, L79, F|100\/100
|turn|41
|choice|move hypervoice|move earthquake
|
|move|p1a: Girafarig|Hyper Voice|p2a: Groudon
|-damage|p2a: Groudon|0 fnt
|-damage|p1a: Girafarig|90\/100|[from] item: Life Orb
|faint|p2a: Groudon
|
|-weather|SunnyDay|[upkeep]
|upkeep
|choice||switch 2
|
|switch|p2a: Hippowdon|Hippowdon, L77, M|100\/100
|-weather|Sandstorm|[from] ability: Sand Stream|[of] p2a: Hippowdon
|turn|42
|choice|switch 5|move earthquake
|
|switch|p1a: Mandibuzz|Mandibuzz, L77, F|86\/100
|move|p2a: Hippowdon|Earthquake|p1a: Mandibuzz
|-immune|p1a: Mandibuzz|[msg]
|
|-weather|Sandstorm|[upkeep]
|-heal|p1a: Mandibuzz|92\/100|[from] item: Leftovers
|upkeep
|turn|43
|choice|move taunt|move stoneedge
|
|move|p1a: Mandibuzz|Taunt|p2a: Hippowdon
|-start|p2a: Hippowdon|move: Taunt
|move|p2a: Hippowdon|Stone Edge|p1a: Mandibuzz
|-supereffective|p1a: Mandibuzz
|-damage|p1a: Mandibuzz|47\/100
|
|-weather|Sandstorm|[upkeep]
|-heal|p1a: Mandibuzz|53\/100|[from] item: Leftovers
|upkeep
|turn|44
|choice|move defog|move earthquake
|
|move|p1a: Mandibuzz|Defog|p2a: Hippowdon
|-unboost|p2a: Hippowdon|evasion|1
|move|p2a: Hippowdon|Earthquake|p1a: Mandibuzz
|-immune|p1a: Mandibuzz|[msg]
|
|-weather|Sandstorm|[upkeep]
|-heal|p1a: Mandibuzz|59\/100|[from] item: Leftovers
|upkeep
|turn|45
|choice|move defog|move earthquake
|
|move|p1a: Mandibuzz|Defog|p2a: Hippowdon
|-unboost|p2a: Hippowdon|evasion|1
|move|p2a: Hippowdon|Earthquake|p1a: Mandibuzz
|-immune|p1a: Mandibuzz|[msg]
|
|-weather|Sandstorm|[upkeep]
|-heal|p1a: Mandibuzz|65\/100|[from] item: Leftovers
|-end|p2a: Hippowdon|move: Taunt
|upkeep
|turn|46
|choice|move taunt|move stealthrock
|
|move|p1a: Mandibuzz|Taunt|p2a: Hippowdon
|-start|p2a: Hippowdon|move: Taunt
|cant|p2a: Hippowdon|move: Taunt|Stealth Rock
|
|-weather|none
|-heal|p1a: Mandibuzz|71\/100|[from] item: Leftovers
|upkeep
|turn|47
|choice|move defog|move earthquake
|
|move|p1a: Mandibuzz|Defog|p2a: Hippowdon
|-unboost|p2a: Hippowdon|evasion|1
|move|p2a: Hippowdon|Earthquake|p1a: Mandibuzz
|-immune|p1a: Mandibuzz|[msg]
|
|-heal|p1a: Mandibuzz|77\/100|[from] item: Leftovers
|upkeep
|turn|48
|choice|move defog|move earthquake
|
|move|p1a: Mandibuzz|Defog|p2a: Hippowdon
|-unboost|p2a: Hippowdon|evasion|1
|move|p2a: Hippowdon|Earthquake|p1a: Mandibuzz
|-immune|p1a: Mandibuzz|[msg]
|
|-heal|p1a: Mandibuzz|84\/100|[from] item: Leftovers
|-end|p2a: Hippowdon|move: Taunt
|upkeep
|turn|49
|choice|move taunt|move earthquake
|
|move|p1a: Mandibuzz|Taunt|p2a: Hippowdon
|-start|p2a: Hippowdon|move: Taunt
|move|p2a: Hippowdon|Earthquake|p1a: Mandibuzz
|-immune|p1a: Mandibuzz|[msg]
|
|-heal|p1a: Mandibuzz|90\/100|[from] item: Leftovers
|upkeep
|turn|50
|choice|move defog|move earthquake
|
|move|p1a: Mandibuzz|Defog|p2a: Hippowdon
|-unboost|p2a: Hippowdon|evasion|1
|move|p2a: Hippowdon|Earthquake|p1a: Mandibuzz
|-immune|p1a: Mandibuzz|[msg]
|
|-heal|p1a: Mandibuzz|96\/100|[from] item: Leftovers
|upkeep
|turn|51
|choice|move defog|move earthquake
|
|move|p1a: Mandibuzz|Defog|p2a: Hippowdon
|-unboost|p2a: Hippowdon|evasion|1
|move|p2a: Hippowdon|Earthquake|p1a: Mandibuzz
|-immune|p1a: Mandibuzz|[msg]
|
|-heal|p1a: Mandibuzz|100\/100|[from] item: Leftovers
|-end|p2a: Hippowdon|move: Taunt
|upkeep
|turn|52
|choice|move taunt|move earthquake
|
|move|p1a: Mandibuzz|Taunt|p2a: Hippowdon
|-start|p2a: Hippowdon|move: Taunt
|move|p2a: Hippowdon|Earthquake|p1a: Mandibuzz
|-immune|p1a: Mandibuzz|[msg]
|
|upkeep
|turn|53
|choice|move defog|move earthquake
|
|move|p1a: Mandibuzz|Defog|p2a: Hippowdon
|-unboost|p2a: Hippowdon|evasion|0
|move|p2a: Hippowdon|Earthquake|p1a: Mandibuzz
|-immune|p1a: Mandibuzz|[msg]
|
|upkeep
|turn|54
|choice|move bravebird|move earthquake
|
|move|p1a: Mandibuzz|Brave Bird|p2a: Hippowdon
|-crit|p2a: Hippowdon
|-damage|p2a: Hippowdon|64\/100
|-damage|p1a: Mandibuzz|89\/100|[from] recoil|[of] p2a: Hippowdon
|move|p2a: Hippowdon|Earthquake|p1a: Mandibuzz
|-immune|p1a: Mandibuzz|[msg]
|
|-heal|p1a: Mandibuzz|95\/100|[from] item: Leftovers
|-heal|p2a: Hippowdon|70\/100|[from] item: Leftovers
|-end|p2a: Hippowdon|move: Taunt
|upkeep
|turn|55
|choice|move taunt|move slackoff
|
|move|p1a: Mandibuzz|Taunt|p2a: Hippowdon
|-start|p2a: Hippowdon|move: Taunt
|cant|p2a: Hippowdon|move: Taunt|Slack Off
|
|-heal|p1a: Mandibuzz|100\/100|[from] item: Leftovers
|-heal|p2a: Hippowdon|77\/100|[from] item: Leftovers
|upkeep
|turn|56
|choice|move bravebird|move earthquake
|
|move|p1a: Mandibuzz|Brave Bird|p2a: Hippowdon
|-damage|p2a: Hippowdon|54\/100
|-damage|p1a: Mandibuzz|93\/100|[from] recoil|[of] p2a: Hippowdon
|move|p2a: Hippowdon|Earthquake|p1a: Mandibuzz
|-immune|p1a: Mandibuzz|[msg]
|
|-heal|p1a: Mandibuzz|99\/100|[from] item: Leftovers
|-heal|p2a: Hippowdon|60\/100|[from] item: Leftovers
|upkeep
|turn|57
|choice|move bravebird|move earthquake
|
|move|p1a: Mandibuzz|Brave Bird|p2a: Hippowdon
|-damage|p2a: Hippowdon|35\/100
|-damage|p1a: Mandibuzz|91\/100|[from] recoil|[of] p2a: Hippowdon
|move|p2a: Hippowdon|Earthquake|p1a: Mandibuzz
|-immune|p1a: Mandibuzz|[msg]
|
|-heal|p1a: Mandibuzz|97\/100|[from] item: Leftovers
|-heal|p2a: Hippowdon|41\/100|[from] item: Leftovers
|-end|p2a: Hippowdon|move: Taunt
|upkeep
|turn|58
|choice|move taunt|move slackoff
|
|move|p1a: Mandibuzz|Taunt|p2a: Hippowdon
|-start|p2a: Hippowdon|move: Taunt
|cant|p2a: Hippowdon|move: Taunt|Slack Off
|
|-heal|p1a: Mandibuzz|100\/100|[from] item: Leftovers
|-heal|p2a: Hippowdon|47\/100|[from] item: Leftovers
|upkeep
|turn|59
|choice|move bravebird|move earthquake
|
|move|p1a: Mandibuzz|Brave Bird|p2a: Hippowdon
|-damage|p2a: Hippowdon|23\/100
|-damage|p1a: Mandibuzz|93\/100|[from] recoil|[of] p2a: Hippowdon
|move|p2a: Hippowdon|Earthquake|p1a: Mandibuzz
|-immune|p1a: Mandibuzz|[msg]
|
|-heal|p1a: Mandibuzz|99\/100|[from] item: Leftovers
|-heal|p2a: Hippowdon|30\/100|[from] item: Leftovers
|upkeep
|turn|60
|choice|move bravebird|move earthquake
|
|move|p1a: Mandibuzz|Brave Bird|p2a: Hippowdon
|-damage|p2a: Hippowdon|8\/100
|-damage|p1a: Mandibuzz|92\/100|[from] recoil|[of] p2a: Hippowdon
|move|p2a: Hippowdon|Earthquake|p1a: Mandibuzz
|-immune|p1a: Mandibuzz|[msg]
|
|-heal|p1a: Mandibuzz|98\/100|[from] item: Leftovers
|-heal|p2a: Hippowdon|14\/100|[from] item: Leftovers
|-end|p2a: Hippowdon|move: Taunt
|upkeep
|turn|61
|choice|move defog|move slackoff
|
|move|p1a: Mandibuzz|Defog|p2a: Hippowdon
|-unboost|p2a: Hippowdon|evasion|0
|move|p2a: Hippowdon|Slack Off|p2a: Hippowdon
|-heal|p2a: Hippowdon|64\/100
|
|-heal|p1a: Mandibuzz|100\/100|[from] item: Leftovers
|-heal|p2a: Hippowdon|70\/100|[from] item: Leftovers
|upkeep
|turn|62
|choice|switch 4|move slackoff
|
|switch|p1a: Kingler|Kingler, L79, F|79\/100 slp
|move|p2a: Hippowdon|Slack Off|p2a: Hippowdon
|-heal|p2a: Hippowdon|100\/100
|
|upkeep
|turn|63
|choice|move rockslide|move stealthrock
|
|cant|p1a: Kingler|slp
|move|p2a: Hippowdon|Stealth Rock|p1a: Kingler
|-sidestart|p1: aaditmshah|move: Stealth Rock
|
|upkeep
|turn|64
|choice|move rockslide|move stealthrock
|
|cant|p1a: Kingler|slp
|move|p2a: Hippowdon|Stealth Rock|p1a: Kingler
|-fail|p1a: Kingler
|
|upkeep
|turn|65
|choice|move rockslide|move slackoff
|
|-curestatus|p1a: Kingler|slp|[msg]
|move|p1a: Kingler|Rock Slide|p2a: Hippowdon
|-resisted|p2a: Hippowdon
|-damage|p2a: Hippowdon|86\/100
|move|p2a: Hippowdon|Slack Off|p2a: Hippowdon
|-heal|p2a: Hippowdon|100\/100
|
|upkeep
|turn|66
|choice|move rockslide|move stealthrock
|
|move|p1a: Kingler|Rock Slide|p2a: Hippowdon
|-resisted|p2a: Hippowdon
|-damage|p2a: Hippowdon|85\/100
|move|p2a: Hippowdon|Stealth Rock|p1a: Kingler
|-fail|p1a: Kingler
|
|-heal|p2a: Hippowdon|91\/100|[from] item: Leftovers
|upkeep
|turn|67
|choice|move rockslide|move stealthrock
|
|move|p1a: Kingler|Rock Slide|p2a: Hippowdon
|-resisted|p2a: Hippowdon
|-damage|p2a: Hippowdon|77\/100
|move|p2a: Hippowdon|Stealth Rock|p1a: Kingler
|-fail|p1a: Kingler
|
|-heal|p2a: Hippowdon|83\/100|[from] item: Leftovers
|upkeep
|turn|68
|choice|move rockslide|move slackoff
|
|move|p1a: Kingler|Rock Slide|p2a: Hippowdon
|-resisted|p2a: Hippowdon
|-damage|p2a: Hippowdon|67\/100
|move|p2a: Hippowdon|Slack Off|p2a: Hippowdon
|-heal|p2a: Hippowdon|100\/100
|
|upkeep
|turn|69
|choice|move rockslide|move stealthrock
|
|move|p1a: Kingler|Rock Slide|p2a: Hippowdon
|-resisted|p2a: Hippowdon
|-damage|p2a: Hippowdon|87\/100
|move|p2a: Hippowdon|Stealth Rock|p1a: Kingler
|-fail|p1a: Kingler
|
|-heal|p2a: Hippowdon|93\/100|[from] item: Leftovers
|upkeep
|turn|70
|choice|switch 3|move stealthrock
|
|switch|p1a: Sawsbuck|Sawsbuck, L75, F|100\/100
|-damage|p1a: Sawsbuck|88\/100|[from] Stealth Rock
|move|p2a: Hippowdon|Stealth Rock|p1a: Sawsbuck
|-fail|p1a: Sawsbuck
|
|-heal|p1a: Sawsbuck|94\/100|[from] item: Leftovers
|-heal|p2a: Hippowdon|99\/100|[from] item: Leftovers
|upkeep
|turn|71
|choice|move swordsdance|move slackoff
|
|move|p1a: Sawsbuck|Swords Dance|p1a: Sawsbuck
|-boost|p1a: Sawsbuck|atk|2
|move|p2a: Hippowdon|Slack Off|p2a: Hippowdon
|-heal|p2a: Hippowdon|100\/100
|
|-heal|p1a: Sawsbuck|100\/100|[from] item: Leftovers
|upkeep
|turn|72
|choice|move swordsdance|move stealthrock
|
|move|p1a: Sawsbuck|Swords Dance|p1a: Sawsbuck
|-boost|p1a: Sawsbuck|atk|2
|move|p2a: Hippowdon|Stealth Rock|p1a: Sawsbuck
|-fail|p1a: Sawsbuck
|
|upkeep
|turn|73
|choice|move swordsdance|move stealthrock
|
|move|p1a: Sawsbuck|Swords Dance|p1a: Sawsbuck
|-boost|p1a: Sawsbuck|atk|2
|move|p2a: Hippowdon|Stealth Rock|p1a: Sawsbuck
|-fail|p1a: Sawsbuck
|
|upkeep
|turn|74
|choice|move swordsdance|move slackoff
|
|move|p1a: Sawsbuck|Swords Dance|p1a: Sawsbuck
|-boost|p1a: Sawsbuck|atk|0
|move|p2a: Hippowdon|Slack Off|p2a: Hippowdon
|-fail|p2a: Hippowdon
|
|upkeep
|turn|75
|choice|move swordsdance|move slackoff
|
|move|p1a: Sawsbuck|Swords Dance|p1a: Sawsbuck
|-boost|p1a: Sawsbuck|atk|0
|move|p2a: Hippowdon|Slack Off|p2a: Hippowdon
|-fail|p2a: Hippowdon
|
|upkeep
|turn|76
|choice|move batonpass|move stealthrock
|
|move|p1a: Sawsbuck|Baton Pass|p1a: Sawsbuck
|choice|switch 4|
|
|switch|p1a: Mandibuzz|Mandibuzz, L77, F|100\/100
|-damage|p1a: Mandibuzz|76\/100|[from] Stealth Rock
|move|p2a: Hippowdon|Stealth Rock|p1a: Mandibuzz
|-fail|p1a: Mandibuzz
|
|-heal|p1a: Mandibuzz|82\/100|[from] item: Leftovers
|upkeep
|turn|77
|choice|move defog|move slackoff
|
|move|p1a: Mandibuzz|Defog|p2a: Hippowdon
|-unboost|p2a: Hippowdon|evasion|0
|-sideend|p1: aaditmshah|Stealth Rock|[from] move: Defog|[of] p1a: Mandibuzz
|move|p2a: Hippowdon|Slack Off|p2a: Hippowdon
|-fail|p2a: Hippowdon
|
|-heal|p1a: Mandibuzz|88\/100|[from] item: Leftovers
|upkeep
|turn|78
|choice|switch 4|move slackoff
|
|switch|p1a: Sawsbuck|Sawsbuck, L75, F|100\/100
|move|p2a: Hippowdon|Slack Off|p2a: Hippowdon
|-fail|p2a: Hippowdon
|
|upkeep
|turn|79
|choice|move swordsdance|move stealthrock
|
|move|p1a: Sawsbuck|Swords Dance|p1a: Sawsbuck
|-boost|p1a: Sawsbuck|atk|2
|move|p2a: Hippowdon|Stealth Rock|p1a: Sawsbuck
|-sidestart|p1: aaditmshah|move: Stealth Rock
|
|upkeep
|turn|80
|choice|switch 3|move stealthrock
|
|switch|p1a: Kingler|Kingler, L79, F|79\/100
|-damage|p1a: Kingler|66\/100|[from] Stealth Rock
|move|p2a: Hippowdon|Stealth Rock|p1a: Kingler
|-fail|p1a: Kingler
|
|upkeep
|turn|81
|choice|move knockoff|move stealthrock
|
|move|p1a: Kingler|Knock Off|p2a: Hippowdon
|-damage|p2a: Hippowdon|73\/100
|-enditem|p2a: Hippowdon|Leftovers|[from] move: Knock Off|[of] p1a: Kingler
|-damage|p1a: Kingler|57\/100|[from] item: Life Orb
|move|p2a: Hippowdon|Stealth Rock|p1a: Kingler
|-fail|p1a: Kingler
|
|upkeep
|turn|82
|choice|switch 3|move slackoff
|
|switch|p1a: Sawsbuck|Sawsbuck, L75, F|100\/100
|-damage|p1a: Sawsbuck|88\/100|[from] Stealth Rock
|move|p2a: Hippowdon|Slack Off|p2a: Hippowdon
|-heal|p2a: Hippowdon|100\/100
|
|-heal|p1a: Sawsbuck|94\/100|[from] item: Leftovers
|upkeep
|turn|83
|choice|move swordsdance|move stealthrock
|
|move|p1a: Sawsbuck|Swords Dance|p1a: Sawsbuck
|-boost|p1a: Sawsbuck|atk|2
|move|p2a: Hippowdon|Stealth Rock|p1a: Sawsbuck
|-fail|p1a: Sawsbuck
|
|-heal|p1a: Sawsbuck|100\/100|[from] item: Leftovers
|upkeep
|turn|84
|choice|move swordsdance|move stealthrock
|
|move|p1a: Sawsbuck|Swords Dance|p1a: Sawsbuck
|-boost|p1a: Sawsbuck|atk|2
|move|p2a: Hippowdon|Stealth Rock|p1a: Sawsbuck
|-fail|p1a: Sawsbuck
|
|upkeep
|turn|85
|choice|move swordsdance|move stealthrock
|
|move|p1a: Sawsbuck|Swords Dance|p1a: Sawsbuck
|-boost|p1a: Sawsbuck|atk|2
|move|p2a: Hippowdon|Stealth Rock|p1a: Sawsbuck
|-fail|p1a: Sawsbuck
|
|upkeep
|turn|86
|choice|move swordsdance|move stealthrock
|
|move|p1a: Sawsbuck|Swords Dance|p1a: Sawsbuck
|-boost|p1a: Sawsbuck|atk|0
|move|p2a: Hippowdon|Stealth Rock|p1a: Sawsbuck
|-fail|p1a: Sawsbuck
|
|upkeep
|turn|87
|choice|move swordsdance|move stealthrock
|
|move|p1a: Sawsbuck|Swords Dance|p1a: Sawsbuck
|-boost|p1a: Sawsbuck|atk|0
|move|p2a: Hippowdon|Stealth Rock|p1a: Sawsbuck
|-fail|p1a: Sawsbuck
|
|upkeep
|turn|88
|choice|move swordsdance|move stealthrock
|
|move|p1a: Sawsbuck|Swords Dance|p1a: Sawsbuck
|-boost|p1a: Sawsbuck|atk|0
|move|p2a: Hippowdon|Stealth Rock|p1a: Sawsbuck
|-fail|p1a: Sawsbuck
|
|upkeep
|turn|89
|choice|move swordsdance|move stealthrock
|
|move|p1a: Sawsbuck|Swords Dance|p1a: Sawsbuck
|-boost|p1a: Sawsbuck|atk|0
|move|p2a: Hippowdon|Stealth Rock|p1a: Sawsbuck
|-fail|p1a: Sawsbuck
|
|upkeep
|turn|90
|choice|move swordsdance|move stealthrock
|
|move|p1a: Sawsbuck|Swords Dance|p1a: Sawsbuck
|-boost|p1a: Sawsbuck|atk|0
|move|p2a: Hippowdon|Stealth Rock|p1a: Sawsbuck
|-fail|p1a: Sawsbuck
|
|upkeep
|turn|91
|choice|move swordsdance|move stealthrock
|
|move|p1a: Sawsbuck|Swords Dance|p1a: Sawsbuck
|-boost|p1a: Sawsbuck|atk|0
|move|p2a: Hippowdon|Stealth Rock|p1a: Sawsbuck
|-fail|p1a: Sawsbuck
|
|upkeep
|turn|92
|choice|move swordsdance|move stealthrock
|
|move|p1a: Sawsbuck|Swords Dance|p1a: Sawsbuck
|-boost|p1a: Sawsbuck|atk|0
|move|p2a: Hippowdon|Stealth Rock|p1a: Sawsbuck
|-fail|p1a: Sawsbuck
|
|upkeep
|turn|93
|choice|move swordsdance|move stealthrock
|
|move|p1a: Sawsbuck|Swords Dance|p1a: Sawsbuck
|-boost|p1a: Sawsbuck|atk|0
|move|p2a: Hippowdon|Stealth Rock|p1a: Sawsbuck
|-fail|p1a: Sawsbuck
|
|upkeep
|turn|94
|choice|move swordsdance|move stealthrock
|
|move|p1a: Sawsbuck|Swords Dance|p1a: Sawsbuck
|-boost|p1a: Sawsbuck|atk|0
|move|p2a: Hippowdon|Stealth Rock|p1a: Sawsbuck
|-fail|p1a: Sawsbuck
|
|upkeep
|turn|95
|choice|move swordsdance|move stealthrock
|
|move|p1a: Sawsbuck|Swords Dance|p1a: Sawsbuck
|-boost|p1a: Sawsbuck|atk|0
|move|p2a: Hippowdon|Stealth Rock|p1a: Sawsbuck
|-fail|p1a: Sawsbuck
|
|upkeep
|turn|96
|choice|move swordsdance|move stealthrock
|
|move|p1a: Sawsbuck|Swords Dance|p1a: Sawsbuck
|-boost|p1a: Sawsbuck|atk|0
|move|p2a: Hippowdon|Stealth Rock|p1a: Sawsbuck
|-fail|p1a: Sawsbuck
|
|upkeep
|turn|97
|choice|move swordsdance|move stealthrock
|
|move|p1a: Sawsbuck|Swords Dance|p1a: Sawsbuck
|-boost|p1a: Sawsbuck|atk|0
|move|p2a: Hippowdon|Stealth Rock|p1a: Sawsbuck
|-fail|p1a: Sawsbuck
|
|upkeep
|turn|98
|choice|move batonpass|move slackoff
|
|move|p1a: Sawsbuck|Baton Pass|p1a: Sawsbuck
|choice|switch 4|
|
|switch|p1a: Mandibuzz|Mandibuzz, L77, F|88\/100
|-damage|p1a: Mandibuzz|63\/100|[from] Stealth Rock
|move|p2a: Hippowdon|Slack Off|p2a: Hippowdon
|-fail|p2a: Hippowdon
|
|-heal|p1a: Mandibuzz|69\/100|[from] item: Leftovers
|upkeep
|turn|99
|choice|move defog|move slackoff
|
|move|p1a: Mandibuzz|Defog|p2a: Hippowdon
|-unboost|p2a: Hippowdon|evasion|0
|-sideend|p1: aaditmshah|Stealth Rock|[from] move: Defog|[of] p1a: Mandibuzz
|move|p2a: Hippowdon|Slack Off|p2a: Hippowdon
|-fail|p2a: Hippowdon
|
|-heal|p1a: Mandibuzz|75\/100|[from] item: Leftovers
|upkeep
|turn|100
|choice|move roost|move slackoff
|
|move|p1a: Mandibuzz|Roost|p1a: Mandibuzz
|-heal|p1a: Mandibuzz|100\/100
|move|p2a: Hippowdon|Slack Off|p2a: Hippowdon
|-fail|p2a: Hippowdon
|
|upkeep
|turn|101
|choice|switch 4|move slackoff
|
|switch|p1a: Sawsbuck|Sawsbuck, L75, F|100\/100
|move|p2a: Hippowdon|Slack Off|p2a: Hippowdon
|-fail|p2a: Hippowdon
|
|upkeep
|turn|102
|choice|switch 4|move struggle
|
|switch|p1a: Mandibuzz|Mandibuzz, L77, F|100\/100
|-activate|p2a: Hippowdon|move: Struggle
|move|p2a: Hippowdon|Struggle|p1a: Mandibuzz
|-damage|p1a: Mandibuzz|90\/100
|-damage|p2a: Hippowdon|76\/100|[from] recoil
|
|-heal|p1a: Mandibuzz|96\/100|[from] item: Leftovers
|upkeep
|turn|103
|choice|move taunt|move struggle
|
|move|p1a: Mandibuzz|Taunt|p2a: Hippowdon
|-start|p2a: Hippowdon|move: Taunt
|-activate|p2a: Hippowdon|move: Struggle
|move|p2a: Hippowdon|Struggle|p1a: Mandibuzz
|-damage|p1a: Mandibuzz|85\/100
|-damage|p2a: Hippowdon|51\/100|[from] recoil
|
|-heal|p1a: Mandibuzz|91\/100|[from] item: Leftovers
|upkeep
|turn|104
|choice|move taunt|move struggle
|
|move|p1a: Mandibuzz|Taunt|p2a: Hippowdon
|-fail|p2a: Hippowdon
|-activate|p2a: Hippowdon|move: Struggle
|move|p2a: Hippowdon|Struggle|p1a: Mandibuzz
|-damage|p1a: Mandibuzz|81\/100
|-damage|p2a: Hippowdon|26\/100|[from] recoil
|
|-heal|p1a: Mandibuzz|87\/100|[from] item: Leftovers
|upkeep
|turn|105
|choice|move taunt|move struggle
|
|move|p1a: Mandibuzz|Taunt|p2a: Hippowdon
|-fail|p2a: Hippowdon
|-activate|p2a: Hippowdon|move: Struggle
|move|p2a: Hippowdon|Struggle|p1a: Mandibuzz
|-damage|p1a: Mandibuzz|76\/100
|-damage|p2a: Hippowdon|1\/100|[from] recoil
|
|-heal|p1a: Mandibuzz|83\/100|[from] item: Leftovers
|-end|p2a: Hippowdon|move: Taunt
|upkeep
|turn|106
|choice|move roost|move struggle
|
|move|p1a: Mandibuzz|Roost|p1a: Mandibuzz
|-heal|p1a: Mandibuzz|100\/100
|-activate|p2a: Hippowdon|move: Struggle
|move|p2a: Hippowdon|Struggle|p1a: Mandibuzz
|-damage|p1a: Mandibuzz|90\/100
|-damage|p2a: Hippowdon|0 fnt|[from] recoil
|faint|p2a: Hippowdon
|
|win|aaditmshah
|l|therexer139
|j|therexer139
|raw|aaditmshah's rating: 1156 &rarr; <strong>1185<\/strong><br \/>(+29 for winning)
|raw|therexer139's rating: 1215 &rarr; <strong>1186<\/strong><br \/>(-29 for losing)
|l|therexer139</script>
</div>
<div class="battle-log battle-log-inline"><div class="inner"><div class="chat"><small>aaditmshah joined.</small></div><div class="chat"><small>therexer139 joined.</small></div><div style="padding:5px 0"><small>Format:</small> <br><strong>[Gen 7] Random Battle</strong></div><div class="rated"><strong>Rated battle</strong></div><div><small><em>Sleep Clause Mod:</em> Limit one foe put to sleep</small></div><div><small><em>HP Percentage Mod:</em> HP is shown in percentages</small></div><div>Battle between aaditmshah and therexer139 started!</div><div class="spacer"></div><div>Go! Kingler!</div><div class="spacer"></div><div>therexer139 sent out Hippowdon!</div><div><small>[Opposing <span class="battle-nickname-foe" title="Hippowdon">Hippowdon</span>'s Sand Stream!]</small></div><div><small>A sandstorm kicked up!</small></div><h2>Turn 1</h2><div class="chat message-error">Battle timer is ON: inactive players will automatically lose when time's up. (requested by aaditmshah)</div><div class="spacer"></div><div>therexer139 withdrew Hippowdon!</div><div class="spacer"></div><div>therexer139 sent out Unfezant!</div><div class="spacer"></div><div><span class="battle-nickname" title="Kingler">Kingler</span> used <strong>Crabhammer</strong>!</div><div><small>The opposing <span class="battle-nickname-foe" title="Unfezant">Unfezant</span> lost 63% of its health!</small><br></div><div><small><span class="battle-nickname" title="Kingler">Kingler</span> lost some of its HP!</small></div><div><small>The sandstorm is raging.</small></div><div class="spacer"></div><div><small>The opposing <span class="battle-nickname-foe" title="Unfezant">Unfezant</span> is buffeted by the sandstorm!</small></div><div><small><span class="battle-nickname" title="Kingler">Kingler</span> is buffeted by the sandstorm!</small></div><h2>Turn 2</h2><div class="spacer"></div><div>The opposing <span class="battle-nickname-foe" title="Unfezant">Unfezant</span> used <strong>Hypnosis</strong>!</div><div><small><span class="battle-nickname" title="Kingler">Kingler</span> fell asleep!</small></div><div class="spacer"></div><div><span class="battle-nickname" title="Kingler">Kingler</span> is fast asleep.</div><div><small>The sandstorm is raging.</small></div><div class="spacer"></div><div><small>The opposing <span class="battle-nickname-foe" title="Unfezant">Unfezant</span> is buffeted by the sandstorm!</small></div><div><small><span class="battle-nickname" title="Kingler">Kingler</span> is buffeted by the sandstorm!</small></div><h2>Turn 3</h2><div class="spacer"></div><div>therexer139 withdrew Unfezant!</div><div class="spacer"></div><div>therexer139 sent out Gorebyss!</div><div class="spacer"></div><div><span class="battle-nickname" title="Kingler">Kingler</span>, come back!</div><div class="spacer"></div><div>Go! Mandibuzz!</div><div><small>The sandstorm is raging.</small></div><div class="spacer"></div><div><small>The opposing <span class="battle-nickname-foe" title="Gorebyss">Gorebyss</span> is buffeted by the sandstorm!</small></div><h2>Turn 4</h2><div class="spacer"></div><div><span class="battle-nickname" title="Mandibuzz">Mandibuzz</span> used <strong>Taunt</strong>!</div><div><small>The opposing <span class="battle-nickname-foe" title="Gorebyss">Gorebyss</span> fell for the taunt!</small></div><div class="spacer"></div><div>The opposing <span class="battle-nickname-foe" title="Gorebyss">Gorebyss</span> can't use Shell Smash after the taunt!</div><div><small>The sandstorm is raging.</small></div><div class="spacer"></div><div><small>The opposing <span class="battle-nickname-foe" title="Gorebyss">Gorebyss</span> is buffeted by the sandstorm!</small></div><h2>Turn 5</h2><div class="spacer"></div><div><span class="battle-nickname" title="Mandibuzz">Mandibuzz</span> used <strong>Brave Bird</strong>!</div><div><small>The opposing <span class="battle-nickname-foe" title="Gorebyss">Gorebyss</span> lost 36% of its health!</small><br></div><div><small><span class="battle-nickname" title="Mandibuzz">Mandibuzz</span> is damaged by the recoil!</small></div><div class="spacer"></div><div>The opposing <span class="battle-nickname-foe" title="Gorebyss">Gorebyss</span> used <strong>Hydro Pump</strong>!</div><div><small><span class="battle-nickname" title="Mandibuzz">Mandibuzz</span> lost 37% of its health!</small><br></div><div class="spacer"></div><div><small>The sandstorm subsided.</small></div><div><small><span class="battle-nickname" title="Mandibuzz">Mandibuzz</span> restored a little HP using its Leftovers!</small></div><h2>Turn 6</h2><div class="spacer"></div><div><span class="battle-nickname" title="Mandibuzz">Mandibuzz</span> used <strong>Brave Bird</strong>!</div><div><small>The opposing <span class="battle-nickname-foe" title="Gorebyss">Gorebyss</span> lost 38% of its health!</small><br></div><div><small><span class="battle-nickname" title="Mandibuzz">Mandibuzz</span> is damaged by the recoil!</small></div><div class="spacer"></div><div>The opposing <span class="battle-nickname-foe" title="Gorebyss">Gorebyss</span> used <strong>Hydro Pump</strong>!</div><div><small><span class="battle-nickname" title="Mandibuzz">Mandibuzz</span> lost 38% of its health!</small><br></div><div class="spacer"></div><div><small><span class="battle-nickname" title="Mandibuzz">Mandibuzz</span> restored a little HP using its Leftovers!</small></div><div><small>The opposing <span class="battle-nickname-foe" title="Gorebyss">Gorebyss</span>'s taunt wore off!</small></div><h2>Turn 7</h2><div class="spacer"></div><div>therexer139 withdrew Gorebyss!</div><div class="spacer"></div><div>therexer139 sent out Hippowdon!</div><div><small>[Opposing <span class="battle-nickname-foe" title="Hippowdon">Hippowdon</span>'s Sand Stream!]</small></div><div><small>A sandstorm kicked up!</small></div><div class="spacer"></div><div><span class="battle-nickname" title="Mandibuzz">Mandibuzz</span> used <strong>Brave Bird</strong>!</div><div><small>The opposing <span class="battle-nickname-foe" title="Hippowdon">Hippowdon</span> lost 24% of its health!</small><br></div><div><small><span class="battle-nickname" title="Mandibuzz">Mandibuzz</span> is damaged by the recoil!</small></div><div><small>The sandstorm is raging.</small></div><div class="spacer"></div><div><small><span class="battle-nickname" title="Mandibuzz">Mandibuzz</span> restored a little HP using its Leftovers!</small></div><div><small>The opposing <span class="battle-nickname-foe" title="Hippowdon">Hippowdon</span> restored a little HP using its Leftovers!</small></div><h2>Turn 8</h2><div class="spacer"></div><div><span class="battle-nickname" title="Mandibuzz">Mandibuzz</span> used <strong>Roost</strong>!</div><div><small><span class="battle-nickname" title="Mandibuzz">Mandibuzz</span> restored its HP.</small></div><div class="spacer"></div><div>The opposing <span class="battle-nickname-foe" title="Hippowdon">Hippowdon</span> used <strong>Stealth Rock</strong>!</div><div><small>Pointed stones float in the air around your team!</small></div><div><small>The sandstorm is raging.</small></div><div class="spacer"></div><div><small><span class="battle-nickname" title="Mandibuzz">Mandibuzz</span> restored a little HP using its Leftovers!</small></div><div><small>The opposing <span class="battle-nickname-foe" title="Hippowdon">Hippowdon</span> restored a little HP using its Leftovers!</small></div><h2>Turn 9</h2><div class="spacer"></div><div><span class="battle-nickname" title="Mandibuzz">Mandibuzz</span> used <strong>Defog</strong>!</div><div><small>The opposing <span class="battle-nickname-foe" title="Hippowdon">Hippowdon</span>'s evasiveness fell! </small></div><div><small>The pointed stones disappeared from around your team!</small></div><div class="spacer"></div><div>The opposing <span class="battle-nickname-foe" title="Hippowdon">Hippowdon</span> used <strong>Stone Edge</strong>!</div><div><small><span class="battle-nickname" title="Mandibuzz">Mandibuzz</span> avoided the attack!</small></div><div><small>The sandstorm is raging.</small></div><div class="spacer"></div><div><small><span class="battle-nickname" title="Mandibuzz">Mandibuzz</span> restored a little HP using its Leftovers!</small></div><div><small>The opposing <span class="battle-nickname-foe" title="Hippowdon">Hippowdon</span> restored a little HP using its Leftovers!</small></div><h2>Turn 10</h2><div class="spacer"></div><div><span class="battle-nickname" title="Mandibuzz">Mandibuzz</span> used <strong>Taunt</strong>!</div><div><small>The opposing <span class="battle-nickname-foe" title="Hippowdon">Hippowdon</span> fell for the taunt!</small></div><div class="spacer"></div><div>The opposing <span class="battle-nickname-foe" title="Hippowdon">Hippowdon</span> used <strong>Stone Edge</strong>!</div><div><small>It's super effective! </small><small><span class="battle-nickname" title="Mandibuzz">Mandibuzz</span> lost 44% of its health!</small><br></div><div><small>The sandstorm is raging.</small></div><div class="spacer"></div><div><small><span class="battle-nickname" title="Mandibuzz">Mandibuzz</span> restored a little HP using its Leftovers!</small></div><div><small>The opposing <span class="battle-nickname-foe" title="Hippowdon">Hippowdon</span> restored a little HP using its Leftovers!</small></div><h2>Turn 11</h2><div class="spacer"></div><div><span class="battle-nickname" title="Mandibuzz">Mandibuzz</span> used <strong>Roost</strong>!</div><div><small><span class="battle-nickname" title="Mandibuzz">Mandibuzz</span> restored its HP.</small></div><div class="spacer"></div><div>The opposing <span class="battle-nickname-foe" title="Hippowdon">Hippowdon</span> used <strong>Stone Edge</strong>!</div><div><small><span class="battle-nickname" title="Mandibuzz">Mandibuzz</span> lost 20% of its health!</small><br></div><div class="spacer"></div><div><small>The sandstorm subsided.</small></div><div><small><span class="battle-nickname" title="Mandibuzz">Mandibuzz</span> restored a little HP using its Leftovers!</small></div><h2>Turn 12</h2><div class="spacer"></div><div><span class="battle-nickname" title="Mandibuzz">Mandibuzz</span> used <strong>Brave Bird</strong>!</div><div><small>The opposing <span class="battle-nickname-foe" title="Hippowdon">Hippowdon</span> lost 23% of its health!</small><br></div><div><small><span class="battle-nickname" title="Mandibuzz">Mandibuzz</span> is damaged by the recoil!</small></div><div class="spacer"></div><div>The opposing <span class="battle-nickname-foe" title="Hippowdon">Hippowdon</span> used <strong>Stone Edge</strong>!</div><div><small>It's super effective! </small><small><span class="battle-nickname" title="Mandibuzz">Mandibuzz</span> lost 40% of its health!</small><br></div><div class="spacer"></div><div><small><span class="battle-nickname" title="Mandibuzz">Mandibuzz</span> restored a little HP using its Leftovers!</small></div><div><small>The opposing <span class="battle-nickname-foe" title="Hippowdon">Hippowdon</span> restored a little HP using its Leftovers!</small></div><div><small>The opposing <span class="battle-nickname-foe" title="Hippowdon">Hippowdon</span>'s taunt wore off!</small></div><h2>Turn 13</h2><div class="spacer"></div><div><span class="battle-nickname" title="Mandibuzz">Mandibuzz</span> used <strong>Roost</strong>!</div><div><small><span class="battle-nickname" title="Mandibuzz">Mandibuzz</span> restored its HP.</small></div><div class="spacer"></div><div>The opposing <span class="battle-nickname-foe" title="Hippowdon">Hippowdon</span> used <strong>Stone Edge</strong>!</div><div><small><span class="battle-nickname" title="Mandibuzz">Mandibuzz</span> lost 20% of its health!</small><br></div><div class="spacer"></div><div><small><span class="battle-nickname" title="Mandibuzz">Mandibuzz</span> restored a little HP using its Leftovers!</small></div><div><small>The opposing <span class="battle-nickname-foe" title="Hippowdon">Hippowdon</span> restored a little HP using its Leftovers!</small></div><h2>Turn 14</h2><div class="spacer"></div><div><span class="battle-nickname" title="Mandibuzz">Mandibuzz</span> used <strong>Taunt</strong>!</div><div><small>The opposing <span class="battle-nickname-foe" title="Hippowdon">Hippowdon</span> fell for the taunt!</small></div><div class="spacer"></div><div>The opposing <span class="battle-nickname-foe" title="Hippowdon">Hippowdon</span> used <strong>Stone Edge</strong>!</div><div><small>It's super effective! </small><small><span class="battle-nickname" title="Mandibuzz">Mandibuzz</span> lost 43% of its health!</small><br></div><div class="spacer"></div><div><small><span class="battle-nickname" title="Mandibuzz">Mandibuzz</span> restored a little HP using its Leftovers!</small></div><div><small>The opposing <span class="battle-nickname-foe" title="Hippowdon">Hippowdon</span> restored a little HP using its Leftovers!</small></div><h2>Turn 15</h2><div class="spacer"></div><div><span class="battle-nickname" title="Mandibuzz">Mandibuzz</span> used <strong>Roost</strong>!</div><div><small><span class="battle-nickname" title="Mandibuzz">Mandibuzz</span> restored its HP.</small></div><div class="spacer"></div><div>The opposing <span class="battle-nickname-foe" title="Hippowdon">Hippowdon</span> used <strong>Earthquake</strong>!</div><div><small><span class="battle-nickname" title="Mandibuzz">Mandibuzz</span> lost 32% of its health!</small><br></div><div class="spacer"></div><div><small><span class="battle-nickname" title="Mandibuzz">Mandibuzz</span> restored a little HP using its Leftovers!</small></div><div><small>The opposing <span class="battle-nickname-foe" title="Hippowdon">Hippowdon</span> restored a little HP using its Leftovers!</small></div><h2>Turn 16</h2><div class="spacer"></div><div><span class="battle-nickname" title="Mandibuzz">Mandibuzz</span> used <strong>Brave Bird</strong>!</div><div><small>The opposing <span class="battle-nickname-foe" title="Hippowdon">Hippowdon</span> lost 24% of its health!</small><br></div><div><small><span class="battle-nickname" title="Mandibuzz">Mandibuzz</span> is damaged by the recoil!</small></div><div class="spacer"></div><div>The opposing <span class="battle-nickname-foe" title="Hippowdon">Hippowdon</span> used <strong>Stone Edge</strong>!</div><div><small>It's super effective! </small><small><span class="battle-nickname" title="Mandibuzz">Mandibuzz</span> lost 43% of its health!</small><br></div><div class="spacer"></div><div><small><span class="battle-nickname" title="Mandibuzz">Mandibuzz</span> restored a little HP using its Leftovers!</small></div><div><small>The opposing <span class="battle-nickname-foe" title="Hippowdon">Hippowdon</span> restored a little HP using its Leftovers!</small></div><div><small>The opposing <span class="battle-nickname-foe" title="Hippowdon">Hippowdon</span>'s taunt wore off!</small></div><h2>Turn 17</h2><div class="spacer"></div><div><span class="battle-nickname" title="Mandibuzz">Mandibuzz</span> used <strong>Roost</strong>!</div><div><small><span class="battle-nickname" title="Mandibuzz">Mandibuzz</span> restored its HP.</small></div><div class="spacer"></div><div>The opposing <span class="battle-nickname-foe" title="Hippowdon">Hippowdon</span> used <strong>Stealth Rock</strong>!</div><div><small>Pointed stones float in the air around your team!</small></div><div class="spacer"></div><div><small><span class="battle-nickname" title="Mandibuzz">Mandibuzz</span> restored a little HP using its Leftovers!</small></div><div><small>The opposing <span class="battle-nickname-foe" title="Hippowdon">Hippowdon</span> restored a little HP using its Leftovers!</small></div><h2>Turn 18</h2><div class="spacer"></div><div>therexer139 withdrew Hippowdon!</div><div class="spacer"></div><div>therexer139 sent out Togekiss!</div><div class="spacer"></div><div><span class="battle-nickname" title="Mandibuzz">Mandibuzz</span> used <strong>Defog</strong>!</div><div><small>The opposing <span class="battle-nickname-foe" title="Togekiss">Togekiss</span>'s evasiveness fell! </small></div><div><small>The pointed stones disappeared from around your team!</small></div><div class="spacer"></div><div><small><span class="battle-nickname" title="Mandibuzz">Mandibuzz</span> restored a little HP using its Leftovers!</small></div><h2>Turn 19</h2><div class="spacer"></div><div><span class="battle-nickname" title="Mandibuzz">Mandibuzz</span>, come back!</div><div class="spacer"></div><div>Go! Flygon!</div><div class="spacer"></div><div>The opposing <span class="battle-nickname-foe" title="Togekiss">Togekiss</span> used <strong>Aura Sphere</strong>!</div><div><small><span class="battle-nickname" title="Flygon">Flygon</span> lost 25% of its health!</small><br></div><h2>Turn 20</h2><div class="spacer"></div><div><span class="battle-nickname" title="Flygon">Flygon</span> used <strong>Stone Edge</strong>!</div><div><small>It's super effective! </small><small>The opposing <span class="battle-nickname-foe" title="Togekiss">Togekiss</span> lost 52% of its health!</small><br></div><div class="spacer"></div><div>The opposing <span class="battle-nickname-foe" title="Togekiss">Togekiss</span> used <strong>Air Slash</strong>!</div><div><small><span class="battle-nickname" title="Flygon">Flygon</span> lost 32% of its health!</small><br></div><div class="spacer"></div><div><small>The opposing <span class="battle-nickname-foe" title="Togekiss">Togekiss</span> restored a little HP using its Leftovers!</small></div><h2>Turn 21</h2><div class="spacer"></div><div><span class="battle-nickname" title="Flygon">Flygon</span> used <strong>Stone Edge</strong>!</div><div><small>It's super effective! </small><small>The opposing <span class="battle-nickname-foe" title="Togekiss">Togekiss</span> lost 48% of its health!</small><br></div><div class="spacer"></div><div>The opposing <span class="battle-nickname-foe" title="Togekiss">Togekiss</span> used <strong>Roost</strong>!</div><div><small>The opposing <span class="battle-nickname-foe" title="Togekiss">Togekiss</span> restored its HP.</small></div><div class="spacer"></div><div><small>The opposing <span class="battle-nickname-foe" title="Togekiss">Togekiss</span> restored a little HP using its Leftovers!</small></div><h2>Turn 22</h2><div class="spacer"></div><div><span class="battle-nickname" title="Flygon">Flygon</span> used <strong>Stone Edge</strong>!</div><div><small>It's super effective! A critical hit! </small><small>The opposing <span class="battle-nickname-foe" title="Togekiss">Togekiss</span> lost 64% of its health!</small><br></div><div class="spacer"></div><div>The opposing <span class="battle-nickname-foe" title="Togekiss">Togekiss</span> fainted!</div><div class="spacer"></div><div>therexer139 sent out Gorebyss!</div><h2>Turn 23</h2><div class="spacer"></div><div><span class="battle-nickname" title="Flygon">Flygon</span> used <strong>Stone Edge</strong>!</div><div><small>The opposing <span class="battle-nickname-foe" title="Gorebyss">Gorebyss</span> avoided the attack!</small></div><div class="spacer"></div><div>The opposing <span class="battle-nickname-foe" title="Gorebyss">Gorebyss</span> used <strong>Hydro Pump</strong>!</div><div><small><span class="battle-nickname" title="Flygon">Flygon</span> avoided the attack!</small></div><h2>Turn 24</h2><div class="spacer"></div><div><span class="battle-nickname" title="Flygon">Flygon</span> used <strong>Stone Edge</strong>!</div><div><small>The opposing <span class="battle-nickname-foe" title="Gorebyss">Gorebyss</span> lost 15% of its health!</small><br></div><div class="spacer"></div><div>The opposing <span class="battle-nickname-foe" title="Gorebyss">Gorebyss</span> fainted!</div><div class="spacer"></div><div>therexer139 sent out Swalot!</div><h2>Turn 25</h2><div class="spacer"></div><div><span class="battle-nickname" title="Flygon">Flygon</span>, come back!</div><div class="spacer"></div><div>Go! Golisopod!</div><div class="spacer"></div><div>The opposing <span class="battle-nickname-foe" title="Swalot">Swalot</span> used <strong>Ice Beam</strong>!</div><div><small>It's not very effective... </small><small><span class="battle-nickname" title="Golisopod">Golisopod</span> lost 9% of its health!</small><br></div><h2>Turn 26</h2><div class="spacer"></div><div>The opposing <span class="battle-nickname-foe" title="Swalot">Swalot</span> used <strong>Sludge Bomb</strong>!</div><div><small><span class="battle-nickname" title="Golisopod">Golisopod</span> lost 29% of its health!</small><br></div><div><small><span class="battle-nickname" title="Golisopod">Golisopod</span> was poisoned!</small></div><div class="spacer"></div><div><span class="battle-nickname" title="Golisopod">Golisopod</span> used <strong>Liquidation</strong>!</div><div><small>The opposing <span class="battle-nickname-foe" title="Swalot">Swalot</span> lost 53% of its health!</small><br></div><div class="spacer"></div><div><small>The opposing <span class="battle-nickname-foe" title="Swalot">Swalot</span> restored a little HP using its Black Sludge!</small></div><div><small><span class="battle-nickname" title="Golisopod">Golisopod</span> was hurt by poison!</small></div><div><small>[<span class="battle-nickname" title="Golisopod">Golisopod</span>'s Emergency Exit!]</small></div><div class="spacer"></div><div><span class="battle-nickname" title="Golisopod">Golisopod</span>, come back!</div><div class="spacer"></div><div>Go! Flygon!</div><h2>Turn 27</h2><div class="spacer"></div><div><span class="battle-nickname" title="Flygon">Flygon</span> used <strong>Earthquake</strong>!</div><div><small>It's super effective! </small><small>The opposing <span class="battle-nickname-foe" title="Swalot">Swalot</span> lost 54% of its health!</small><br></div><div class="spacer"></div><div>The opposing <span class="battle-nickname-foe" title="Swalot">Swalot</span> fainted!</div><div class="spacer"></div><div>therexer139 sent out Hippowdon!</div><div><small>[Opposing <span class="battle-nickname-foe" title="Hippowdon">Hippowdon</span>'s Sand Stream!]</small></div><div><small>A sandstorm kicked up!</small></div><h2>Turn 28</h2><div class="spacer"></div><div><span class="battle-nickname" title="Flygon">Flygon</span>, come back!</div><div class="spacer"></div><div>Go! Mandibuzz!</div><div class="spacer"></div><div>The opposing <span class="battle-nickname-foe" title="Hippowdon">Hippowdon</span> used <strong>Stealth Rock</strong>!</div><div><small>Pointed stones float in the air around your team!</small></div><div><small>The sandstorm is raging.</small></div><div class="spacer"></div><div><small><span class="battle-nickname" title="Mandibuzz">Mandibuzz</span> restored a little HP using its Leftovers!</small></div><div><small>The opposing <span class="battle-nickname-foe" title="Hippowdon">Hippowdon</span> restored a little HP using its Leftovers!</small></div><h2>Turn 29</h2><div class="spacer"></div><div>therexer139 withdrew Hippowdon!</div><div class="spacer"></div><div>therexer139 sent out Unfezant!</div><div class="spacer"></div><div><span class="battle-nickname" title="Mandibuzz">Mandibuzz</span> used <strong>Defog</strong>!</div><div><small>The opposing <span class="battle-nickname-foe" title="Unfezant">Unfezant</span>'s evasiveness fell! </small></div><div><small>The pointed stones disappeared from around your team!</small></div><div><small>The sandstorm is raging.</small></div><div class="spacer"></div><div><small>The opposing <span class="battle-nickname-foe" title="Unfezant">Unfezant</span> is buffeted by the sandstorm!</small></div><div><small><span class="battle-nickname" title="Mandibuzz">Mandibuzz</span> restored a little HP using its Leftovers!</small></div><h2>Turn 30</h2><div class="spacer"></div><div>The opposing <span class="battle-nickname-foe" title="Unfezant">Unfezant</span> used <strong>Hypnosis</strong>!</div><div><small>Sleep Clause Mod activated.</small></div><div class="spacer"></div><div><span class="battle-nickname" title="Mandibuzz">Mandibuzz</span> used <strong>Brave Bird</strong>!</div><div><small>A critical hit! </small><small>The opposing <span class="battle-nickname-foe" title="Unfezant">Unfezant</span> lost 20% of its health!</small><br></div><div><small><span class="battle-nickname" title="Mandibuzz">Mandibuzz</span> is damaged by the recoil!</small></div><div class="spacer"></div><div>The opposing <span class="battle-nickname-foe" title="Unfezant">Unfezant</span> fainted!</div><div><small>The sandstorm is raging.</small></div><div class="spacer"></div><div><small><span class="battle-nickname" title="Mandibuzz">Mandibuzz</span> restored a little HP using its Leftovers!</small></div><div class="spacer"></div><div>therexer139 sent out Groudon!</div><div><small>[Opposing <span class="battle-nickname-foe" title="Groudon">Groudon</span>'s Drought!]</small></div><div><small>The sunlight turned harsh!</small></div><h2>Turn 31</h2><div class="spacer"></div><div><span class="battle-nickname" title="Mandibuzz">Mandibuzz</span>, come back!</div><div class="spacer"></div><div>Go! Golisopod!</div><div class="spacer"></div><div>The opposing <span class="battle-nickname-foe" title="Groudon">Groudon</span> used <strong>Stone Edge</strong>!</div><div><small>It's super effective! </small><small><span class="battle-nickname" title="Golisopod">Golisopod</span> lost 42% of its health!</small><br></div><div class="spacer"></div><div><small><span class="battle-nickname" title="Golisopod">Golisopod</span> was hurt by poison!</small></div><div class="spacer"></div><div><span class="battle-nickname" title="Golisopod">Golisopod</span> fainted!</div><div class="spacer"></div><div>Go! Flygon!</div><h2>Turn 32</h2><div class="spacer"></div><div><span class="battle-nickname" title="Flygon">Flygon</span> used <strong>Outrage</strong>!</div><div><small>The opposing <span class="battle-nickname-foe" title="Groudon">Groudon</span> lost 37% of its health!</small><br></div><div class="spacer"></div><div>The opposing <span class="battle-nickname-foe" title="Groudon">Groudon</span> used <strong>Stone Edge</strong>!</div><div><small>It's not very effective... </small><small><span class="battle-nickname" title="Flygon">Flygon</span> lost 16% of its health!</small><br></div><div class="spacer"></div><div><small>The opposing <span class="battle-nickname-foe" title="Groudon">Groudon</span> restored a little HP using its Leftovers!</small></div><h2>Turn 33</h2><div class="spacer"></div><div><span class="battle-nickname" title="Flygon">Flygon</span> used <strong>Outrage</strong>!</div><div><small>A critical hit! </small><small>The opposing <span class="battle-nickname-foe" title="Groudon">Groudon</span> lost 50% of its health!</small><br></div><div><small><span class="battle-nickname" title="Flygon">Flygon</span> became confused due to fatigue!</small></div><div class="spacer"></div><div>The opposing <span class="battle-nickname-foe" title="Groudon">Groudon</span> used <strong>Fire Punch</strong>!</div><div><small>It's not very effective... </small><small><span class="battle-nickname" title="Flygon">Flygon</span> lost 19% of its health!</small><br></div><div class="spacer"></div><div><small>The opposing <span class="battle-nickname-foe" title="Groudon">Groudon</span> restored a little HP using its Leftovers!</small></div><h2>Turn 34</h2><div class="spacer"></div><div>therexer139 withdrew Groudon!</div><div class="spacer"></div><div>therexer139 sent out Hippowdon!</div><div><small>[Opposing <span class="battle-nickname-foe" title="Hippowdon">Hippowdon</span>'s Sand Stream!]</small></div><div><small>A sandstorm kicked up!</small></div><div><small><span class="battle-nickname" title="Flygon">Flygon</span> is confused!</small></div><div class="spacer"></div><div><span class="battle-nickname" title="Flygon">Flygon</span> used <strong>Outrage</strong>!</div><div><small>The opposing <span class="battle-nickname-foe" title="Hippowdon">Hippowdon</span> lost 33% of its health!</small><br></div><div><small>The sandstorm is raging.</small></div><div class="spacer"></div><div><small>The opposing <span class="battle-nickname-foe" title="Hippowdon">Hippowdon</span> restored a little HP using its Leftovers!</small></div><h2>Turn 35</h2><div class="spacer"></div><div><small><span class="battle-nickname" title="Flygon">Flygon</span> is confused!</small></div><div class="spacer"></div><div><span class="battle-nickname" title="Flygon">Flygon</span> used <strong>Outrage</strong>!</div><div><small>The opposing <span class="battle-nickname-foe" title="Hippowdon">Hippowdon</span> lost 32% of its health!</small><br></div><div class="spacer"></div><div>The opposing <span class="battle-nickname-foe" title="Hippowdon">Hippowdon</span> used <strong>Slack Off</strong>!</div><div><small>The opposing <span class="battle-nickname-foe" title="Hippowdon">Hippowdon</span> restored its HP.</small></div><div><small>The sandstorm is raging.</small></div><div class="spacer"></div><div><small>The opposing <span class="battle-nickname-foe" title="Hippowdon">Hippowdon</span> restored a little HP using its Leftovers!</small></div><h2>Turn 36</h2><div class="spacer"></div><div><small><span class="battle-nickname" title="Flygon">Flygon</span> snapped out of its confusion.</small></div><div class="spacer"></div><div><span class="battle-nickname" title="Flygon">Flygon</span> used <strong>Outrage</strong>!</div><div><small>A critical hit! </small><small>The opposing <span class="battle-nickname-foe" title="Hippowdon">Hippowdon</span> lost 51% of its health!</small><br></div><div><small><span class="battle-nickname" title="Flygon">Flygon</span> became confused due to fatigue!</small></div><div class="spacer"></div><div>The opposing <span class="battle-nickname-foe" title="Hippowdon">Hippowdon</span> used <strong>Stealth Rock</strong>!</div><div><small>Pointed stones float in the air around your team!</small></div><div><small>The sandstorm is raging.</small></div><div class="spacer"></div><div><small>The opposing <span class="battle-nickname-foe" title="Hippowdon">Hippowdon</span> restored a little HP using its Leftovers!</small></div><h2>Turn 37</h2><div class="spacer"></div><div><span class="battle-nickname" title="Flygon">Flygon</span>, come back!</div><div class="spacer"></div><div>Go! Mandibuzz!</div><div><small>Pointed stones dug into <span class="battle-nickname" title="Mandibuzz">Mandibuzz</span>!</small></div><div class="spacer"></div><div>The opposing <span class="battle-nickname-foe" title="Hippowdon">Hippowdon</span> used <strong>Slack Off</strong>!</div><div><small>The opposing <span class="battle-nickname-foe" title="Hippowdon">Hippowdon</span> restored its HP.</small></div><div><small>The sandstorm is raging.</small></div><div class="spacer"></div><div><small><span class="battle-nickname" title="Mandibuzz">Mandibuzz</span> restored a little HP using its Leftovers!</small></div><div><small>The opposing <span class="battle-nickname-foe" title="Hippowdon">Hippowdon</span> restored a little HP using its Leftovers!</small></div><h2>Turn 38</h2><div class="spacer"></div><div><span class="battle-nickname" title="Mandibuzz">Mandibuzz</span> used <strong>Defog</strong>!</div><div><small>The opposing <span class="battle-nickname-foe" title="Hippowdon">Hippowdon</span>'s evasiveness fell! </small></div><div><small>The pointed stones disappeared from around your team!</small></div><div class="spacer"></div><div>The opposing <span class="battle-nickname-foe" title="Hippowdon">Hippowdon</span> used <strong>Stealth Rock</strong>!</div><div><small>Pointed stones float in the air around your team!</small></div><div class="spacer"></div><div><small>The sandstorm subsided.</small></div><div><small><span class="battle-nickname" title="Mandibuzz">Mandibuzz</span> restored a little HP using its Leftovers!</small></div><h2>Turn 39</h2><div class="spacer"></div><div>therexer139 withdrew Hippowdon!</div><div class="spacer"></div><div>therexer139 sent out Groudon!</div><div><small>[Opposing <span class="battle-nickname-foe" title="Groudon">Groudon</span>'s Drought!]</small></div><div><small>The sunlight turned harsh!</small></div><div class="spacer"></div><div><span class="battle-nickname" title="Mandibuzz">Mandibuzz</span> used <strong>Defog</strong>!</div><div><small>The opposing <span class="battle-nickname-foe" title="Groudon">Groudon</span>'s evasiveness fell! </small></div><div><small>The pointed stones disappeared from around your team!</small></div><div class="spacer"></div><div><small>The opposing <span class="battle-nickname-foe" title="Groudon">Groudon</span> restored a little HP using its Leftovers!</small></div><div><small><span class="battle-nickname" title="Mandibuzz">Mandibuzz</span> restored a little HP using its Leftovers!</small></div><h2>Turn 40</h2><div class="spacer"></div><div><span class="battle-nickname" title="Mandibuzz">Mandibuzz</span>, come back!</div><div class="spacer"></div><div>Go! Flygon!</div><div class="spacer"></div><div>The opposing <span class="battle-nickname-foe" title="Groudon">Groudon</span> used <strong>Stone Edge</strong>!</div><div><small>It's not very effective... </small><small><span class="battle-nickname" title="Flygon">Flygon</span> lost 8% of its health!</small><br></div><div class="spacer"></div><div><span class="battle-nickname" title="Flygon">Flygon</span> fainted!</div><div class="spacer"></div><div><small>The opposing <span class="battle-nickname-foe" title="Groudon">Groudon</span> restored a little HP using its Leftovers!</small></div><div class="spacer"></div><div>Go! Girafarig!</div><h2>Turn 41</h2><div class="spacer"></div><div><span class="battle-nickname" title="Girafarig">Girafarig</span> used <strong>Hyper Voice</strong>!</div><div><small>The opposing <span class="battle-nickname-foe" title="Groudon">Groudon</span> lost 37% of its health!</small><br></div><div><small><span class="battle-nickname" title="Girafarig">Girafarig</span> lost some of its HP!</small></div><div class="spacer"></div><div>The opposing <span class="battle-nickname-foe" title="Groudon">Groudon</span> fainted!</div><div class="spacer"></div><div>therexer139 sent out Hippowdon!</div><div><small>[Opposing <span class="battle-nickname-foe" title="Hippowdon">Hippowdon</span>'s Sand Stream!]</small></div><div><small>A sandstorm kicked up!</small></div><h2>Turn 42</h2><div class="spacer"></div><div><span class="battle-nickname" title="Girafarig">Girafarig</span>, come back!</div><div class="spacer"></div><div>Go! Mandibuzz!</div><div class="spacer"></div><div>The opposing <span class="battle-nickname-foe" title="Hippowdon">Hippowdon</span> used <strong>Earthquake</strong>!</div><div><small>It doesn't affect <span class="battle-nickname" title="Mandibuzz">Mandibuzz</span>... </small></div><div><small>The sandstorm is raging.</small></div><div class="spacer"></div><div><small><span class="battle-nickname" title="Mandibuzz">Mandibuzz</span> restored a little HP using its Leftovers!</small></div><h2>Turn 43</h2><div class="spacer"></div><div><span class="battle-nickname" title="Mandibuzz">Mandibuzz</span> used <strong>Taunt</strong>!</div><div><small>The opposing <span class="battle-nickname-foe" title="Hippowdon">Hippowdon</span> fell for the taunt!</small></div><div class="spacer"></div><div>The opposing <span class="battle-nickname-foe" title="Hippowdon">Hippowdon</span> used <strong>Stone Edge</strong>!</div><div><small>It's super effective! </small><small><span class="battle-nickname" title="Mandibuzz">Mandibuzz</span> lost 45% of its health!</small><br></div><div><small>The sandstorm is raging.</small></div><div class="spacer"></div><div><small><span class="battle-nickname" title="Mandibuzz">Mandibuzz</span> restored a little HP using its Leftovers!</small></div><h2>Turn 44</h2><div class="spacer"></div><div><span class="battle-nickname" title="Mandibuzz">Mandibuzz</span> used <strong>Defog</strong>!</div><div><small>The opposing <span class="battle-nickname-foe" title="Hippowdon">Hippowdon</span>'s evasiveness fell! </small></div><div class="spacer"></div><div>The opposing <span class="battle-nickname-foe" title="Hippowdon">Hippowdon</span> used <strong>Earthquake</strong>!</div><div><small>It doesn't affect <span class="battle-nickname" title="Mandibuzz">Mandibuzz</span>... </small></div><div><small>The sandstorm is raging.</small></div><div class="spacer"></div><div><small><span class="battle-nickname" title="Mandibuzz">Mandibuzz</span> restored a little HP using its Leftovers!</small></div><h2>Turn 45</h2><div class="spacer"></div><div><span class="battle-nickname" title="Mandibuzz">Mandibuzz</span> used <strong>Defog</strong>!</div><div><small>The opposing <span class="battle-nickname-foe" title="Hippowdon">Hippowdon</span>'s evasiveness fell! </small></div><div class="spacer"></div><div>The opposing <span class="battle-nickname-foe" title="Hippowdon">Hippowdon</span> used <strong>Earthquake</strong>!</div><div><small>It doesn't affect <span class="battle-nickname" title="Mandibuzz">Mandibuzz</span>... </small></div><div><small>The sandstorm is raging.</small></div><div class="spacer"></div><div><small><span class="battle-nickname" title="Mandibuzz">Mandibuzz</span> restored a little HP using its Leftovers!</small></div><div><small>The opposing <span class="battle-nickname-foe" title="Hippowdon">Hippowdon</span>'s taunt wore off!</small></div><h2>Turn 46</h2><div class="spacer"></div><div><span class="battle-nickname" title="Mandibuzz">Mandibuzz</span> used <strong>Taunt</strong>!</div><div><small>The opposing <span class="battle-nickname-foe" title="Hippowdon">Hippowdon</span> fell for the taunt!</small></div><div class="spacer"></div><div>The opposing <span class="battle-nickname-foe" title="Hippowdon">Hippowdon</span> can't use Stealth Rock after the taunt!</div><div class="spacer"></div><div><small>The sandstorm subsided.</small></div><div><small><span class="battle-nickname" title="Mandibuzz">Mandibuzz</span> restored a little HP using its Leftovers!</small></div><h2>Turn 47</h2><div class="spacer"></div><div><span class="battle-nickname" title="Mandibuzz">Mandibuzz</span> used <strong>Defog</strong>!</div><div><small>The opposing <span class="battle-nickname-foe" title="Hippowdon">Hippowdon</span>'s evasiveness fell! </small></div><div class="spacer"></div><div>The opposing <span class="battle-nickname-foe" title="Hippowdon">Hippowdon</span> used <strong>Earthquake</strong>!</div><div><small>It doesn't affect <span class="battle-nickname" title="Mandibuzz">Mandibuzz</span>... </small></div><div class="spacer"></div><div><small><span class="battle-nickname" title="Mandibuzz">Mandibuzz</span> restored a little HP using its Leftovers!</small></div><h2>Turn 48</h2><div class="spacer"></div><div><span class="battle-nickname" title="Mandibuzz">Mandibuzz</span> used <strong>Defog</strong>!</div><div><small>The opposing <span class="battle-nickname-foe" title="Hippowdon">Hippowdon</span>'s evasiveness fell! </small></div><div class="spacer"></div><div>The opposing <span class="battle-nickname-foe" title="Hippowdon">Hippowdon</span> used <strong>Earthquake</strong>!</div><div><small>It doesn't affect <span class="battle-nickname" title="Mandibuzz">Mandibuzz</span>... </small></div><div class="spacer"></div><div><small><span class="battle-nickname" title="Mandibuzz">Mandibuzz</span> restored a little HP using its Leftovers!</small></div><div><small>The opposing <span class="battle-nickname-foe" title="Hippowdon">Hippowdon</span>'s taunt wore off!</small></div><h2>Turn 49</h2><div class="spacer"></div><div><span class="battle-nickname" title="Mandibuzz">Mandibuzz</span> used <strong>Taunt</strong>!</div><div><small>The opposing <span class="battle-nickname-foe" title="Hippowdon">Hippowdon</span> fell for the taunt!</small></div><div class="spacer"></div><div>The opposing <span class="battle-nickname-foe" title="Hippowdon">Hippowdon</span> used <strong>Earthquake</strong>!</div><div><small>It doesn't affect <span class="battle-nickname" title="Mandibuzz">Mandibuzz</span>... </small></div><div class="spacer"></div><div><small><span class="battle-nickname" title="Mandibuzz">Mandibuzz</span> restored a little HP using its Leftovers!</small></div><h2>Turn 50</h2><div class="spacer"></div><div><span class="battle-nickname" title="Mandibuzz">Mandibuzz</span> used <strong>Defog</strong>!</div><div><small>The opposing <span class="battle-nickname-foe" title="Hippowdon">Hippowdon</span>'s evasiveness fell! </small></div><div class="spacer"></div><div>The opposing <span class="battle-nickname-foe" title="Hippowdon">Hippowdon</span> used <strong>Earthquake</strong>!</div><div><small>It doesn't affect <span class="battle-nickname" title="Mandibuzz">Mandibuzz</span>... </small></div><div class="spacer"></div><div><small><span class="battle-nickname" title="Mandibuzz">Mandibuzz</span> restored a little HP using its Leftovers!</small></div><h2>Turn 51</h2><div class="spacer"></div><div><span class="battle-nickname" title="Mandibuzz">Mandibuzz</span> used <strong>Defog</strong>!</div><div><small>The opposing <span class="battle-nickname-foe" title="Hippowdon">Hippowdon</span>'s evasiveness fell! </small></div><div class="spacer"></div><div>The opposing <span class="battle-nickname-foe" title="Hippowdon">Hippowdon</span> used <strong>Earthquake</strong>!</div><div><small>It doesn't affect <span class="battle-nickname" title="Mandibuzz">Mandibuzz</span>... </small></div><div class="spacer"></div><div><small><span class="battle-nickname" title="Mandibuzz">Mandibuzz</span> restored a little HP using its Leftovers!</small></div><div><small>The opposing <span class="battle-nickname-foe" title="Hippowdon">Hippowdon</span>'s taunt wore off!</small></div><h2>Turn 52</h2><div class="spacer"></div><div><span class="battle-nickname" title="Mandibuzz">Mandibuzz</span> used <strong>Taunt</strong>!</div><div><small>The opposing <span class="battle-nickname-foe" title="Hippowdon">Hippowdon</span> fell for the taunt!</small></div><div class="spacer"></div><div>The opposing <span class="battle-nickname-foe" title="Hippowdon">Hippowdon</span> used <strong>Earthquake</strong>!</div><div><small>It doesn't affect <span class="battle-nickname" title="Mandibuzz">Mandibuzz</span>... </small></div><h2>Turn 53</h2><div class="spacer"></div><div><span class="battle-nickname" title="Mandibuzz">Mandibuzz</span> used <strong>Defog</strong>!</div><div><small>The opposing <span class="battle-nickname-foe" title="Hippowdon">Hippowdon</span>'s evasiveness won't go any lower! </small></div><div class="spacer"></div><div>The opposing <span class="battle-nickname-foe" title="Hippowdon">Hippowdon</span> used <strong>Earthquake</strong>!</div><div><small>It doesn't affect <span class="battle-nickname" title="Mandibuzz">Mandibuzz</span>... </small></div><h2>Turn 54</h2><div class="spacer"></div><div><span class="battle-nickname" title="Mandibuzz">Mandibuzz</span> used <strong>Brave Bird</strong>!</div><div><small>A critical hit! </small><small>The opposing <span class="battle-nickname-foe" title="Hippowdon">Hippowdon</span> lost 36% of its health!</small><br></div><div><small><span class="battle-nickname" title="Mandibuzz">Mandibuzz</span> is damaged by the recoil!</small></div><div class="spacer"></div><div>The opposing <span class="battle-nickname-foe" title="Hippowdon">Hippowdon</span> used <strong>Earthquake</strong>!</div><div><small>It doesn't affect <span class="battle-nickname" title="Mandibuzz">Mandibuzz</span>... </small></div><div class="spacer"></div><div><small><span class="battle-nickname" title="Mandibuzz">Mandibuzz</span> restored a little HP using its Leftovers!</small></div><div><small>The opposing <span class="battle-nickname-foe" title="Hippowdon">Hippowdon</span> restored a little HP using its Leftovers!</small></div><div><small>The opposing <span class="battle-nickname-foe" title="Hippowdon">Hippowdon</span>'s taunt wore off!</small></div><h2>Turn 55</h2><div class="spacer"></div><div><span class="battle-nickname" title="Mandibuzz">Mandibuzz</span> used <strong>Taunt</strong>!</div><div><small>The opposing <span class="battle-nickname-foe" title="Hippowdon">Hippowdon</span> fell for the taunt!</small></div><div class="spacer"></div><div>The opposing <span class="battle-nickname-foe" title="Hippowdon">Hippowdon</span> can't use Slack Off after the taunt!</div><div class="spacer"></div><div><small><span class="battle-nickname" title="Mandibuzz">Mandibuzz</span> restored a little HP using its Leftovers!</small></div><div><small>The opposing <span class="battle-nickname-foe" title="Hippowdon">Hippowdon</span> restored a little HP using its Leftovers!</small></div><h2>Turn 56</h2><div class="spacer"></div><div><span class="battle-nickname" title="Mandibuzz">Mandibuzz</span> used <strong>Brave Bird</strong>!</div><div><small>The opposing <span class="battle-nickname-foe" title="Hippowdon">Hippowdon</span> lost 23% of its health!</small><br></div><div><small><span class="battle-nickname" title="Mandibuzz">Mandibuzz</span> is damaged by the recoil!</small></div><div class="spacer"></div><div>The opposing <span class="battle-nickname-foe" title="Hippowdon">Hippowdon</span> used <strong>Earthquake</strong>!</div><div><small>It doesn't affect <span class="battle-nickname" title="Mandibuzz">Mandibuzz</span>... </small></div><div class="spacer"></div><div><small><span class="battle-nickname" title="Mandibuzz">Mandibuzz</span> restored a little HP using its Leftovers!</small></div><div><small>The opposing <span class="battle-nickname-foe" title="Hippowdon">Hippowdon</span> restored a little HP using its Leftovers!</small></div><h2>Turn 57</h2><div class="spacer"></div><div><span class="battle-nickname" title="Mandibuzz">Mandibuzz</span> used <strong>Brave Bird</strong>!</div><div><small>The opposing <span class="battle-nickname-foe" title="Hippowdon">Hippowdon</span> lost 25% of its health!</small><br></div><div><small><span class="battle-nickname" title="Mandibuzz">Mandibuzz</span> is damaged by the recoil!</small></div><div class="spacer"></div><div>The opposing <span class="battle-nickname-foe" title="Hippowdon">Hippowdon</span> used <strong>Earthquake</strong>!</div><div><small>It doesn't affect <span class="battle-nickname" title="Mandibuzz">Mandibuzz</span>... </small></div><div class="spacer"></div><div><small><span class="battle-nickname" title="Mandibuzz">Mandibuzz</span> restored a little HP using its Leftovers!</small></div><div><small>The opposing <span class="battle-nickname-foe" title="Hippowdon">Hippowdon</span> restored a little HP using its Leftovers!</small></div><div><small>The opposing <span class="battle-nickname-foe" title="Hippowdon">Hippowdon</span>'s taunt wore off!</small></div><h2>Turn 58</h2><div class="spacer"></div><div><span class="battle-nickname" title="Mandibuzz">Mandibuzz</span> used <strong>Taunt</strong>!</div><div><small>The opposing <span class="battle-nickname-foe" title="Hippowdon">Hippowdon</span> fell for the taunt!</small></div><div class="spacer"></div><div>The opposing <span class="battle-nickname-foe" title="Hippowdon">Hippowdon</span> can't use Slack Off after the taunt!</div><div class="spacer"></div><div><small><span class="battle-nickname" title="Mandibuzz">Mandibuzz</span> restored a little HP using its Leftovers!</small></div><div><small>The opposing <span class="battle-nickname-foe" title="Hippowdon">Hippowdon</span> restored a little HP using its Leftovers!</small></div><h2>Turn 59</h2><div class="spacer"></div><div><span class="battle-nickname" title="Mandibuzz">Mandibuzz</span> used <strong>Brave Bird</strong>!</div><div><small>The opposing <span class="battle-nickname-foe" title="Hippowdon">Hippowdon</span> lost 24% of its health!</small><br></div><div><small><span class="battle-nickname" title="Mandibuzz">Mandibuzz</span> is damaged by the recoil!</small></div><div class="spacer"></div><div>The opposing <span class="battle-nickname-foe" title="Hippowdon">Hippowdon</span> used <strong>Earthquake</strong>!</div><div><small>It doesn't affect <span class="battle-nickname" title="Mandibuzz">Mandibuzz</span>... </small></div><div class="spacer"></div><div><small><span class="battle-nickname" title="Mandibuzz">Mandibuzz</span> restored a little HP using its Leftovers!</small></div><div><small>The opposing <span class="battle-nickname-foe" title="Hippowdon">Hippowdon</span> restored a little HP using its Leftovers!</small></div><h2>Turn 60</h2><div class="spacer"></div><div><span class="battle-nickname" title="Mandibuzz">Mandibuzz</span> used <strong>Brave Bird</strong>!</div><div><small>The opposing <span class="battle-nickname-foe" title="Hippowdon">Hippowdon</span> lost 22% of its health!</small><br></div><div><small><span class="battle-nickname" title="Mandibuzz">Mandibuzz</span> is damaged by the recoil!</small></div><div class="spacer"></div><div>The opposing <span class="battle-nickname-foe" title="Hippowdon">Hippowdon</span> used <strong>Earthquake</strong>!</div><div><small>It doesn't affect <span class="battle-nickname" title="Mandibuzz">Mandibuzz</span>... </small></div><div class="spacer"></div><div><small><span class="battle-nickname" title="Mandibuzz">Mandibuzz</span> restored a little HP using its Leftovers!</small></div><div><small>The opposing <span class="battle-nickname-foe" title="Hippowdon">Hippowdon</span> restored a little HP using its Leftovers!</small></div><div><small>The opposing <span class="battle-nickname-foe" title="Hippowdon">Hippowdon</span>'s taunt wore off!</small></div><h2>Turn 61</h2><div class="spacer"></div><div><span class="battle-nickname" title="Mandibuzz">Mandibuzz</span> used <strong>Defog</strong>!</div><div><small>The opposing <span class="battle-nickname-foe" title="Hippowdon">Hippowdon</span>'s evasiveness won't go any lower! </small></div><div class="spacer"></div><div>The opposing <span class="battle-nickname-foe" title="Hippowdon">Hippowdon</span> used <strong>Slack Off</strong>!</div><div><small>The opposing <span class="battle-nickname-foe" title="Hippowdon">Hippowdon</span> restored its HP.</small></div><div class="spacer"></div><div><small><span class="battle-nickname" title="Mandibuzz">Mandibuzz</span> restored a little HP using its Leftovers!</small></div><div><small>The opposing <span class="battle-nickname-foe" title="Hippowdon">Hippowdon</span> restored a little HP using its Leftovers!</small></div><h2>Turn 62</h2><div class="spacer"></div><div><span class="battle-nickname" title="Mandibuzz">Mandibuzz</span>, come back!</div><div class="spacer"></div><div>Go! Kingler!</div><div class="spacer"></div><div>The opposing <span class="battle-nickname-foe" title="Hippowdon">Hippowdon</span> used <strong>Slack Off</strong>!</div><div><small>The opposing <span class="battle-nickname-foe" title="Hippowdon">Hippowdon</span> restored its HP.</small></div><h2>Turn 63</h2><div class="spacer"></div><div><span class="battle-nickname" title="Kingler">Kingler</span> is fast asleep.</div><div class="spacer"></div><div>The opposing <span class="battle-nickname-foe" title="Hippowdon">Hippowdon</span> used <strong>Stealth Rock</strong>!</div><div><small>Pointed stones float in the air around your team!</small></div><h2>Turn 64</h2><div class="spacer"></div><div><span class="battle-nickname" title="Kingler">Kingler</span> is fast asleep.</div><div class="spacer"></div><div>The opposing <span class="battle-nickname-foe" title="Hippowdon">Hippowdon</span> used <strong>Stealth Rock</strong>!</div><div><small>But it failed!</small></div><h2>Turn 65</h2><div class="spacer"></div><div><small><span class="battle-nickname" title="Kingler">Kingler</span> woke up!</small></div><div class="spacer"></div><div><span class="battle-nickname" title="Kingler">Kingler</span> used <strong>Rock Slide</strong>!</div><div><small>It's not very effective... </small><small>The opposing <span class="battle-nickname-foe" title="Hippowdon">Hippowdon</span> lost 14% of its health!</small><br></div><div class="spacer"></div><div>The opposing <span class="battle-nickname-foe" title="Hippowdon">Hippowdon</span> used <strong>Slack Off</strong>!</div><div><small>The opposing <span class="battle-nickname-foe" title="Hippowdon">Hippowdon</span> restored its HP.</small></div><h2>Turn 66</h2><div class="spacer"></div><div><span class="battle-nickname" title="Kingler">Kingler</span> used <strong>Rock Slide</strong>!</div><div><small>It's not very effective... </small><small>The opposing <span class="battle-nickname-foe" title="Hippowdon">Hippowdon</span> lost 15% of its health!</small><br></div><div class="spacer"></div><div>The opposing <span class="battle-nickname-foe" title="Hippowdon">Hippowdon</span> used <strong>Stealth Rock</strong>!</div><div><small>But it failed!</small></div><div class="spacer"></div><div><small>The opposing <span class="battle-nickname-foe" title="Hippowdon">Hippowdon</span> restored a little HP using its Leftovers!</small></div><h2>Turn 67</h2><div class="spacer"></div><div><span class="battle-nickname" title="Kingler">Kingler</span> used <strong>Rock Slide</strong>!</div><div><small>It's not very effective... </small><small>The opposing <span class="battle-nickname-foe" title="Hippowdon">Hippowdon</span> lost 14% of its health!</small><br></div><div class="spacer"></div><div>The opposing <span class="battle-nickname-foe" title="Hippowdon">Hippowdon</span> used <strong>Stealth Rock</strong>!</div><div><small>But it failed!</small></div><div class="spacer"></div><div><small>The opposing <span class="battle-nickname-foe" title="Hippowdon">Hippowdon</span> restored a little HP using its Leftovers!</small></div><h2>Turn 68</h2><div class="spacer"></div><div><span class="battle-nickname" title="Kingler">Kingler</span> used <strong>Rock Slide</strong>!</div><div><small>It's not very effective... </small><small>The opposing <span class="battle-nickname-foe" title="Hippowdon">Hippowdon</span> lost 16% of its health!</small><br></div><div class="spacer"></div><div>The opposing <span class="battle-nickname-foe" title="Hippowdon">Hippowdon</span> used <strong>Slack Off</strong>!</div><div><small>The opposing <span class="battle-nickname-foe" title="Hippowdon">Hippowdon</span> restored its HP.</small></div><h2>Turn 69</h2><div class="spacer"></div><div><span class="battle-nickname" title="Kingler">Kingler</span> used <strong>Rock Slide</strong>!</div><div><small>It's not very effective... </small><small>The opposing <span class="battle-nickname-foe" title="Hippowdon">Hippowdon</span> lost 13% of its health!</small><br></div><div class="spacer"></div><div>The opposing <span class="battle-nickname-foe" title="Hippowdon">Hippowdon</span> used <strong>Stealth Rock</strong>!</div><div><small>But it failed!</small></div><div class="spacer"></div><div><small>The opposing <span class="battle-nickname-foe" title="Hippowdon">Hippowdon</span> restored a little HP using its Leftovers!</small></div><h2>Turn 70</h2><div class="spacer"></div><div><span class="battle-nickname" title="Kingler">Kingler</span>, come back!</div><div class="spacer"></div><div>Go! Sawsbuck!</div><div><small>Pointed stones dug into <span class="battle-nickname" title="Sawsbuck">Sawsbuck</span>!</small></div><div class="spacer"></div><div>The opposing <span class="battle-nickname-foe" title="Hippowdon">Hippowdon</span> used <strong>Stealth Rock</strong>!</div><div><small>But it failed!</small></div><div class="spacer"></div><div><small><span class="battle-nickname" title="Sawsbuck">Sawsbuck</span> restored a little HP using its Leftovers!</small></div><div><small>The opposing <span class="battle-nickname-foe" title="Hippowdon">Hippowdon</span> restored a little HP using its Leftovers!</small></div><h2>Turn 71</h2><div class="spacer"></div><div><span class="battle-nickname" title="Sawsbuck">Sawsbuck</span> used <strong>Swords Dance</strong>!</div><div><small><span class="battle-nickname" title="Sawsbuck">Sawsbuck</span>'s Attack rose sharply! </small></div><div class="spacer"></div><div>The opposing <span class="battle-nickname-foe" title="Hippowdon">Hippowdon</span> used <strong>Slack Off</strong>!</div><div><small>The opposing <span class="battle-nickname-foe" title="Hippowdon">Hippowdon</span> restored its HP.</small></div><div class="spacer"></div><div><small><span class="battle-nickname" title="Sawsbuck">Sawsbuck</span> restored a little HP using its Leftovers!</small></div><h2>Turn 72</h2><div class="spacer"></div><div><span class="battle-nickname" title="Sawsbuck">Sawsbuck</span> used <strong>Swords Dance</strong>!</div><div><small><span class="battle-nickname" title="Sawsbuck">Sawsbuck</span>'s Attack rose sharply! </small></div><div class="spacer"></div><div>The opposing <span class="battle-nickname-foe" title="Hippowdon">Hippowdon</span> used <strong>Stealth Rock</strong>!</div><div><small>But it failed!</small></div><h2>Turn 73</h2><div class="spacer"></div><div><span class="battle-nickname" title="Sawsbuck">Sawsbuck</span> used <strong>Swords Dance</strong>!</div><div><small><span class="battle-nickname" title="Sawsbuck">Sawsbuck</span>'s Attack rose sharply! </small></div><div class="spacer"></div><div>The opposing <span class="battle-nickname-foe" title="Hippowdon">Hippowdon</span> used <strong>Stealth Rock</strong>!</div><div><small>But it failed!</small></div><h2>Turn 74</h2><div class="spacer"></div><div><span class="battle-nickname" title="Sawsbuck">Sawsbuck</span> used <strong>Swords Dance</strong>!</div><div><small><span class="battle-nickname" title="Sawsbuck">Sawsbuck</span>'s Attack won't go any higher! </small></div><div class="spacer"></div><div>The opposing <span class="battle-nickname-foe" title="Hippowdon">Hippowdon</span> used <strong>Slack Off</strong>!</div><div><small>But it failed!</small></div><h2>Turn 75</h2><div class="spacer"></div><div><span class="battle-nickname" title="Sawsbuck">Sawsbuck</span> used <strong>Swords Dance</strong>!</div><div><small><span class="battle-nickname" title="Sawsbuck">Sawsbuck</span>'s Attack won't go any higher! </small></div><div class="spacer"></div><div>The opposing <span class="battle-nickname-foe" title="Hippowdon">Hippowdon</span> used <strong>Slack Off</strong>!</div><div><small>But it failed!</small></div><h2>Turn 76</h2><div class="spacer"></div><div><span class="battle-nickname" title="Sawsbuck">Sawsbuck</span> used <strong>Baton Pass</strong>!</div><div class="spacer"></div><div>Go! Mandibuzz!</div><div><small>Pointed stones dug into <span class="battle-nickname" title="Mandibuzz">Mandibuzz</span>!</small></div><div class="spacer"></div><div>The opposing <span class="battle-nickname-foe" title="Hippowdon">Hippowdon</span> used <strong>Stealth Rock</strong>!</div><div><small>But it failed!</small></div><div class="spacer"></div><div><small><span class="battle-nickname" title="Mandibuzz">Mandibuzz</span> restored a little HP using its Leftovers!</small></div><h2>Turn 77</h2><div class="spacer"></div><div><span class="battle-nickname" title="Mandibuzz">Mandibuzz</span> used <strong>Defog</strong>!</div><div><small>The opposing <span class="battle-nickname-foe" title="Hippowdon">Hippowdon</span>'s evasiveness won't go any lower! </small></div><div><small>The pointed stones disappeared from around your team!</small></div><div class="spacer"></div><div>The opposing <span class="battle-nickname-foe" title="Hippowdon">Hippowdon</span> used <strong>Slack Off</strong>!</div><div><small>But it failed!</small></div><div class="spacer"></div><div><small><span class="battle-nickname" title="Mandibuzz">Mandibuzz</span> restored a little HP using its Leftovers!</small></div><h2>Turn 78</h2><div class="spacer"></div><div><span class="battle-nickname" title="Mandibuzz">Mandibuzz</span>, come back!</div><div class="spacer"></div><div>Go! Sawsbuck!</div><div class="spacer"></div><div>The opposing <span class="battle-nickname-foe" title="Hippowdon">Hippowdon</span> used <strong>Slack Off</strong>!</div><div><small>But it failed!</small></div><h2>Turn 79</h2><div class="spacer"></div><div><span class="battle-nickname" title="Sawsbuck">Sawsbuck</span> used <strong>Swords Dance</strong>!</div><div><small><span class="battle-nickname" title="Sawsbuck">Sawsbuck</span>'s Attack rose sharply! </small></div><div class="spacer"></div><div>The opposing <span class="battle-nickname-foe" title="Hippowdon">Hippowdon</span> used <strong>Stealth Rock</strong>!</div><div><small>Pointed stones float in the air around your team!</small></div><h2>Turn 80</h2><div class="spacer"></div><div><span class="battle-nickname" title="Sawsbuck">Sawsbuck</span>, come back!</div><div class="spacer"></div><div>Go! Kingler!</div><div><small>Pointed stones dug into <span class="battle-nickname" title="Kingler">Kingler</span>!</small></div><div class="spacer"></div><div>The opposing <span class="battle-nickname-foe" title="Hippowdon">Hippowdon</span> used <strong>Stealth Rock</strong>!</div><div><small>But it failed!</small></div><h2>Turn 81</h2><div class="spacer"></div><div><span class="battle-nickname" title="Kingler">Kingler</span> used <strong>Knock Off</strong>!</div><div><small>The opposing <span class="battle-nickname-foe" title="Hippowdon">Hippowdon</span> lost 27% of its health!</small><br></div><div><small><span class="battle-nickname" title="Kingler">Kingler</span> knocked off the opposing <span class="battle-nickname-foe" title="Hippowdon">Hippowdon</span>'s Leftovers!</small></div><div><small><span class="battle-nickname" title="Kingler">Kingler</span> lost some of its HP!</small></div><div class="spacer"></div><div>The opposing <span class="battle-nickname-foe" title="Hippowdon">Hippowdon</span> used <strong>Stealth Rock</strong>!</div><div><small>But it failed!</small></div><h2>Turn 82</h2><div class="spacer"></div><div><span class="battle-nickname" title="Kingler">Kingler</span>, come back!</div><div class="spacer"></div><div>Go! Sawsbuck!</div><div><small>Pointed stones dug into <span class="battle-nickname" title="Sawsbuck">Sawsbuck</span>!</small></div><div class="spacer"></div><div>The opposing <span class="battle-nickname-foe" title="Hippowdon">Hippowdon</span> used <strong>Slack Off</strong>!</div><div><small>The opposing <span class="battle-nickname-foe" title="Hippowdon">Hippowdon</span> restored its HP.</small></div><div class="spacer"></div><div><small><span class="battle-nickname" title="Sawsbuck">Sawsbuck</span> restored a little HP using its Leftovers!</small></div><h2>Turn 83</h2><div class="spacer"></div><div><span class="battle-nickname" title="Sawsbuck">Sawsbuck</span> used <strong>Swords Dance</strong>!</div><div><small><span class="battle-nickname" title="Sawsbuck">Sawsbuck</span>'s Attack rose sharply! </small></div><div class="spacer"></div><div>The opposing <span class="battle-nickname-foe" title="Hippowdon">Hippowdon</span> used <strong>Stealth Rock</strong>!</div><div><small>But it failed!</small></div><div class="spacer"></div><div><small><span class="battle-nickname" title="Sawsbuck">Sawsbuck</span> restored a little HP using its Leftovers!</small></div><h2>Turn 84</h2><div class="spacer"></div><div><span class="battle-nickname" title="Sawsbuck">Sawsbuck</span> used <strong>Swords Dance</strong>!</div><div><small><span class="battle-nickname" title="Sawsbuck">Sawsbuck</span>'s Attack rose sharply! </small></div><div class="spacer"></div><div>The opposing <span class="battle-nickname-foe" title="Hippowdon">Hippowdon</span> used <strong>Stealth Rock</strong>!</div><div><small>But it failed!</small></div><h2>Turn 85</h2><div class="spacer"></div><div><span class="battle-nickname" title="Sawsbuck">Sawsbuck</span> used <strong>Swords Dance</strong>!</div><div><small><span class="battle-nickname" title="Sawsbuck">Sawsbuck</span>'s Attack rose sharply! </small></div><div class="spacer"></div><div>The opposing <span class="battle-nickname-foe" title="Hippowdon">Hippowdon</span> used <strong>Stealth Rock</strong>!</div><div><small>But it failed!</small></div><h2>Turn 86</h2><div class="spacer"></div><div><span class="battle-nickname" title="Sawsbuck">Sawsbuck</span> used <strong>Swords Dance</strong>!</div><div><small><span class="battle-nickname" title="Sawsbuck">Sawsbuck</span>'s Attack won't go any higher! </small></div><div class="spacer"></div><div>The opposing <span class="battle-nickname-foe" title="Hippowdon">Hippowdon</span> used <strong>Stealth Rock</strong>!</div><div><small>But it failed!</small></div><h2>Turn 87</h2><div class="spacer"></div><div><span class="battle-nickname" title="Sawsbuck">Sawsbuck</span> used <strong>Swords Dance</strong>!</div><div><small><span class="battle-nickname" title="Sawsbuck">Sawsbuck</span>'s Attack won't go any higher! </small></div><div class="spacer"></div><div>The opposing <span class="battle-nickname-foe" title="Hippowdon">Hippowdon</span> used <strong>Stealth Rock</strong>!</div><div><small>But it failed!</small></div><h2>Turn 88</h2><div class="spacer"></div><div><span class="battle-nickname" title="Sawsbuck">Sawsbuck</span> used <strong>Swords Dance</strong>!</div><div><small><span class="battle-nickname" title="Sawsbuck">Sawsbuck</span>'s Attack won't go any higher! </small></div><div class="spacer"></div><div>The opposing <span class="battle-nickname-foe" title="Hippowdon">Hippowdon</span> used <strong>Stealth Rock</strong>!</div><div><small>But it failed!</small></div><h2>Turn 89</h2><div class="spacer"></div><div><span class="battle-nickname" title="Sawsbuck">Sawsbuck</span> used <strong>Swords Dance</strong>!</div><div><small><span class="battle-nickname" title="Sawsbuck">Sawsbuck</span>'s Attack won't go any higher! </small></div><div class="spacer"></div><div>The opposing <span class="battle-nickname-foe" title="Hippowdon">Hippowdon</span> used <strong>Stealth Rock</strong>!</div><div><small>But it failed!</small></div><h2>Turn 90</h2><div class="spacer"></div><div><span class="battle-nickname" title="Sawsbuck">Sawsbuck</span> used <strong>Swords Dance</strong>!</div><div><small><span class="battle-nickname" title="Sawsbuck">Sawsbuck</span>'s Attack won't go any higher! </small></div><div class="spacer"></div><div>The opposing <span class="battle-nickname-foe" title="Hippowdon">Hippowdon</span> used <strong>Stealth Rock</strong>!</div><div><small>But it failed!</small></div><h2>Turn 91</h2><div class="spacer"></div><div><span class="battle-nickname" title="Sawsbuck">Sawsbuck</span> used <strong>Swords Dance</strong>!</div><div><small><span class="battle-nickname" title="Sawsbuck">Sawsbuck</span>'s Attack won't go any higher! </small></div><div class="spacer"></div><div>The opposing <span class="battle-nickname-foe" title="Hippowdon">Hippowdon</span> used <strong>Stealth Rock</strong>!</div><div><small>But it failed!</small></div><h2>Turn 92</h2><div class="spacer"></div><div><span class="battle-nickname" title="Sawsbuck">Sawsbuck</span> used <strong>Swords Dance</strong>!</div><div><small><span class="battle-nickname" title="Sawsbuck">Sawsbuck</span>'s Attack won't go any higher! </small></div><div class="spacer"></div><div>The opposing <span class="battle-nickname-foe" title="Hippowdon">Hippowdon</span> used <strong>Stealth Rock</strong>!</div><div><small>But it failed!</small></div><h2>Turn 93</h2><div class="spacer"></div><div><span class="battle-nickname" title="Sawsbuck">Sawsbuck</span> used <strong>Swords Dance</strong>!</div><div><small><span class="battle-nickname" title="Sawsbuck">Sawsbuck</span>'s Attack won't go any higher! </small></div><div class="spacer"></div><div>The opposing <span class="battle-nickname-foe" title="Hippowdon">Hippowdon</span> used <strong>Stealth Rock</strong>!</div><div><small>But it failed!</small></div><h2>Turn 94</h2><div class="spacer"></div><div><span class="battle-nickname" title="Sawsbuck">Sawsbuck</span> used <strong>Swords Dance</strong>!</div><div><small><span class="battle-nickname" title="Sawsbuck">Sawsbuck</span>'s Attack won't go any higher! </small></div><div class="spacer"></div><div>The opposing <span class="battle-nickname-foe" title="Hippowdon">Hippowdon</span> used <strong>Stealth Rock</strong>!</div><div><small>But it failed!</small></div><h2>Turn 95</h2><div class="spacer"></div><div><span class="battle-nickname" title="Sawsbuck">Sawsbuck</span> used <strong>Swords Dance</strong>!</div><div><small><span class="battle-nickname" title="Sawsbuck">Sawsbuck</span>'s Attack won't go any higher! </small></div><div class="spacer"></div><div>The opposing <span class="battle-nickname-foe" title="Hippowdon">Hippowdon</span> used <strong>Stealth Rock</strong>!</div><div><small>But it failed!</small></div><h2>Turn 96</h2><div class="spacer"></div><div><span class="battle-nickname" title="Sawsbuck">Sawsbuck</span> used <strong>Swords Dance</strong>!</div><div><small><span class="battle-nickname" title="Sawsbuck">Sawsbuck</span>'s Attack won't go any higher! </small></div><div class="spacer"></div><div>The opposing <span class="battle-nickname-foe" title="Hippowdon">Hippowdon</span> used <strong>Stealth Rock</strong>!</div><div><small>But it failed!</small></div><h2>Turn 97</h2><div class="spacer"></div><div><span class="battle-nickname" title="Sawsbuck">Sawsbuck</span> used <strong>Swords Dance</strong>!</div><div><small><span class="battle-nickname" title="Sawsbuck">Sawsbuck</span>'s Attack won't go any higher! </small></div><div class="spacer"></div><div>The opposing <span class="battle-nickname-foe" title="Hippowdon">Hippowdon</span> used <strong>Stealth Rock</strong>!</div><div><small>But it failed!</small></div><h2>Turn 98</h2><div class="spacer"></div><div><span class="battle-nickname" title="Sawsbuck">Sawsbuck</span> used <strong>Baton Pass</strong>!</div><div class="spacer"></div><div>Go! Mandibuzz!</div><div><small>Pointed stones dug into <span class="battle-nickname" title="Mandibuzz">Mandibuzz</span>!</small></div><div class="spacer"></div><div>The opposing <span class="battle-nickname-foe" title="Hippowdon">Hippowdon</span> used <strong>Slack Off</strong>!</div><div><small>But it failed!</small></div><div class="spacer"></div><div><small><span class="battle-nickname" title="Mandibuzz">Mandibuzz</span> restored a little HP using its Leftovers!</small></div><h2>Turn 99</h2><div class="spacer"></div><div><span class="battle-nickname" title="Mandibuzz">Mandibuzz</span> used <strong>Defog</strong>!</div><div><small>The opposing <span class="battle-nickname-foe" title="Hippowdon">Hippowdon</span>'s evasiveness won't go any lower! </small></div><div><small>The pointed stones disappeared from around your team!</small></div><div class="spacer"></div><div>The opposing <span class="battle-nickname-foe" title="Hippowdon">Hippowdon</span> used <strong>Slack Off</strong>!</div><div><small>But it failed!</small></div><div class="spacer"></div><div><small><span class="battle-nickname" title="Mandibuzz">Mandibuzz</span> restored a little HP using its Leftovers!</small></div><h2>Turn 100</h2><div class="spacer"></div><div><span class="battle-nickname" title="Mandibuzz">Mandibuzz</span> used <strong>Roost</strong>!</div><div><small><span class="battle-nickname" title="Mandibuzz">Mandibuzz</span> restored its HP.</small></div><div class="spacer"></div><div>The opposing <span class="battle-nickname-foe" title="Hippowdon">Hippowdon</span> used <strong>Slack Off</strong>!</div><div><small>But it failed!</small></div><h2>Turn 101</h2><div class="spacer"></div><div><span class="battle-nickname" title="Mandibuzz">Mandibuzz</span>, come back!</div><div class="spacer"></div><div>Go! Sawsbuck!</div><div class="spacer"></div><div>The opposing <span class="battle-nickname-foe" title="Hippowdon">Hippowdon</span> used <strong>Slack Off</strong>!</div><div><small>But it failed!</small></div><h2>Turn 102</h2><div class="spacer"></div><div><span class="battle-nickname" title="Sawsbuck">Sawsbuck</span>, come back!</div><div class="spacer"></div><div>Go! Mandibuzz!</div><div><small>The opposing <span class="battle-nickname-foe" title="Hippowdon">Hippowdon</span> has no moves left!</small></div><div class="spacer"></div><div>The opposing <span class="battle-nickname-foe" title="Hippowdon">Hippowdon</span> used <strong>Struggle</strong>!</div><div><small><span class="battle-nickname" title="Mandibuzz">Mandibuzz</span> lost 10% of its health!</small><br></div><div><small>The opposing <span class="battle-nickname-foe" title="Hippowdon">Hippowdon</span> is damaged by the recoil!</small></div><div class="spacer"></div><div><small><span class="battle-nickname" title="Mandibuzz">Mandibuzz</span> restored a little HP using its Leftovers!</small></div><h2>Turn 103</h2><div class="spacer"></div><div><span class="battle-nickname" title="Mandibuzz">Mandibuzz</span> used <strong>Taunt</strong>!</div><div><small>The opposing <span class="battle-nickname-foe" title="Hippowdon">Hippowdon</span> fell for the taunt!</small></div><div><small>The opposing <span class="battle-nickname-foe" title="Hippowdon">Hippowdon</span> has no moves left!</small></div><div class="spacer"></div><div>The opposing <span class="battle-nickname-foe" title="Hippowdon">Hippowdon</span> used <strong>Struggle</strong>!</div><div><small><span class="battle-nickname" title="Mandibuzz">Mandibuzz</span> lost 11% of its health!</small><br></div><div><small>The opposing <span class="battle-nickname-foe" title="Hippowdon">Hippowdon</span> is damaged by the recoil!</small></div><div class="spacer"></div><div><small><span class="battle-nickname" title="Mandibuzz">Mandibuzz</span> restored a little HP using its Leftovers!</small></div><h2>Turn 104</h2><div class="spacer"></div><div><span class="battle-nickname" title="Mandibuzz">Mandibuzz</span> used <strong>Taunt</strong>!</div><div><small>But it failed!</small></div><div><small>The opposing <span class="battle-nickname-foe" title="Hippowdon">Hippowdon</span> has no moves left!</small></div><div class="spacer"></div><div>The opposing <span class="battle-nickname-foe" title="Hippowdon">Hippowdon</span> used <strong>Struggle</strong>!</div><div><small><span class="battle-nickname" title="Mandibuzz">Mandibuzz</span> lost 10% of its health!</small><br></div><div><small>The opposing <span class="battle-nickname-foe" title="Hippowdon">Hippowdon</span> is damaged by the recoil!</small></div><div class="spacer"></div><div><small><span class="battle-nickname" title="Mandibuzz">Mandibuzz</span> restored a little HP using its Leftovers!</small></div><h2>Turn 105</h2><div class="spacer"></div><div><span class="battle-nickname" title="Mandibuzz">Mandibuzz</span> used <strong>Taunt</strong>!</div><div><small>But it failed!</small></div><div><small>The opposing <span class="battle-nickname-foe" title="Hippowdon">Hippowdon</span> has no moves left!</small></div><div class="spacer"></div><div>The opposing <span class="battle-nickname-foe" title="Hippowdon">Hippowdon</span> used <strong>Struggle</strong>!</div><div><small><span class="battle-nickname" title="Mandibuzz">Mandibuzz</span> lost 11% of its health!</small><br></div><div><small>The opposing <span class="battle-nickname-foe" title="Hippowdon">Hippowdon</span> is damaged by the recoil!</small></div><div class="spacer"></div><div><small><span class="battle-nickname" title="Mandibuzz">Mandibuzz</span> restored a little HP using its Leftovers!</small></div><div><small>The opposing <span class="battle-nickname-foe" title="Hippowdon">Hippowdon</span>'s taunt wore off!</small></div><h2>Turn 106</h2><div class="spacer"></div><div><span class="battle-nickname" title="Mandibuzz">Mandibuzz</span> used <strong>Roost</strong>!</div><div><small><span class="battle-nickname" title="Mandibuzz">Mandibuzz</span> restored its HP.</small></div><div><small>The opposing <span class="battle-nickname-foe" title="Hippowdon">Hippowdon</span> has no moves left!</small></div><div class="spacer"></div><div>The opposing <span class="battle-nickname-foe" title="Hippowdon">Hippowdon</span> used <strong>Struggle</strong>!</div><div><small><span class="battle-nickname" title="Mandibuzz">Mandibuzz</span> lost 10% of its health!</small><br></div><div><small>The opposing <span class="battle-nickname-foe" title="Hippowdon">Hippowdon</span> is damaged by the recoil!</small></div><div class="spacer"></div><div>The opposing <span class="battle-nickname-foe" title="Hippowdon">Hippowdon</span> fainted!</div><div class="spacer"></div><div>aaditmshah won the battle!</div><div class="chat"><small>therexer139 left.</small></div><div class="chat"><small>therexer139 joined.</small></div><div class="chat">aaditmshah's rating: 1156  <strong>1185</strong><br>(+29 for winning)</div><div class="chat">therexer139's rating: 1215  <strong>1186</strong><br>(-29 for losing)</div><div class="chat"><small>therexer139 left.</small></div></div></div>
</div>
<script>
var daily = Math.floor(Date.now()/1000/60/60/24);document.write('<script src="https://play.pokemonshowdown.com/js/replay-embed.js?version'+daily+'"></'+'script>');
</script>
