<!DOCTYPE html>
<meta charset="utf-8" />
<!-- version 1 -->
<title>[Gen 7] Random Battle replay: The MDE vs. master0813</title>
<style>
html,body {font-family:Verdana, sans-serif;font-size:10pt;margin:0;padding:0;}body{padding:12px 0;} .battle-log {font-family:Verdana, sans-serif;font-size:10pt;} .battle-log-inline {border:1px solid #AAAAAA;background:#EEF2F5;color:black;max-width:640px;margin:0 auto 80px;padding-bottom:5px;} .battle-log .inner {padding:4px 8px 0px 8px;} .battle-log .inner-preempt {padding:0 8px 4px 8px;} .battle-log .inner-after {margin-top:0.5em;} .battle-log h2 {margin:0.5em -8px;padding:4px 8px;border:1px solid #AAAAAA;background:#E0E7EA;border-left:0;border-right:0;font-family:Verdana, sans-serif;font-size:13pt;} .battle-log .chat {vertical-align:middle;padding:3px 0 3px 0;font-size:8pt;} .battle-log .chat strong {color:#40576A;} .battle-log .chat em {padding:1px 4px 1px 3px;color:#000000;font-style:normal;} .chat.mine {background:rgba(0,0,0,0.05);margin-left:-8px;margin-right:-8px;padding-left:8px;padding-right:8px;} .spoiler {color:#BBBBBB;background:#BBBBBB;padding:0px 3px;} .spoiler:hover, .spoiler:active, .spoiler-shown {color:#000000;background:#E2E2E2;padding:0px 3px;} .spoiler a {color:#BBBBBB;} .spoiler:hover a, .spoiler:active a, .spoiler-shown a {color:#2288CC;} .chat code, .chat .spoiler:hover code, .chat .spoiler:active code, .chat .spoiler-shown code {border:1px solid #C0C0C0;background:#EEEEEE;color:black;padding:0 2px;} .chat .spoiler code {border:1px solid #CCCCCC;background:#CCCCCC;color:#CCCCCC;} .battle-log .rated {padding:3px 4px;} .battle-log .rated strong {color:white;background:#89A;padding:1px 4px;border-radius:4px;} .spacer {margin-top:0.5em;} .message-announce {background:#6688AA;color:white;padding:1px 4px 2px;} .message-announce a, .broadcast-green a, .broadcast-blue a, .broadcast-red a {color:#DDEEFF;} .broadcast-green {background-color:#559955;color:white;padding:2px 4px;} .broadcast-blue {background-color:#6688AA;color:white;padding:2px 4px;} .infobox {border:1px solid #6688AA;padding:2px 4px;} .infobox-limited {max-height:200px;overflow:auto;overflow-x:hidden;} .broadcast-red {background-color:#AA5544;color:white;padding:2px 4px;} .message-learn-canlearn {font-weight:bold;color:#228822;text-decoration:underline;} .message-learn-cannotlearn {font-weight:bold;color:#CC2222;text-decoration:underline;} .message-effect-weak {font-weight:bold;color:#CC2222;} .message-effect-resist {font-weight:bold;color:#6688AA;} .message-effect-immune {font-weight:bold;color:#666666;} .message-learn-list {margin-top:0;margin-bottom:0;} .message-throttle-notice, .message-error {color:#992222;} .message-overflow, .chat small.message-overflow {font-size:0pt;} .message-overflow::before {font-size:9pt;content:'...';} .subtle {color:#3A4A66;}
</style>
<div class="wrapper replay-wrapper" style="max-width:1180px;margin:0 auto">
<input type="hidden" name="replayid" value="gen7randombattle-566920867" />
<div class="battle"></div><div class="battle-log"></div><div class="replay-controls"></div><div class="replay-controls-2"></div>
<h1 style="font-weight:normal;text-align:center"><strong>[Gen 7] Random Battle</strong><br /><a href="http://pokemonshowdown.com/users/themde" class="subtle" target="_blank">The MDE</a> vs. <a href="http://pokemonshowdown.com/users/master0813" class="subtle" target="_blank">master0813</a></h1>
<script type="text/plain" class="battle-log-data">|j|The MDE
|j|master0813
|player|p1|The MDE|167
|player|p2|master0813|170
|gametype|singles
|gen|7
|tier|[Gen 7] Random Battle
|rated
|seed|17508,52295,63650,33620,59263,61862,55507,42531,49136,60906,56072,47161
|rule|Sleep Clause Mod: Limit one foe put to sleep
|rule|HP Percentage Mod: HP is shown in percentages
|
|start
|switch|p1a: Sylveon|Sylveon, L77, M|100\/100
|switch|p2a: Victini|Victini, L76|100\/100
|turn|1
|inactive|Battle timer is ON: inactive players will automatically lose when time's up. (requested by master0813)
|choice|move psyshock|move vcreate
|
|move|p2a: Victini|V-create|p1a: Sylveon
|-damage|p1a: Sylveon|17\/100
|-unboost|p2a: Victini|spe|1
|-unboost|p2a: Victini|def|1
|-unboost|p2a: Victini|spd|1
|move|p1a: Sylveon|Psyshock|p2a: Victini
|-resisted|p2a: Victini
|-damage|p2a: Victini|86\/100
|
|-heal|p1a: Sylveon|23\/100|[from] item: Leftovers
|upkeep
|turn|2
|choice|move wish|move zenheadbutt
|
|move|p1a: Sylveon|Wish|p1a: Sylveon
|move|p2a: Victini|Zen Headbutt|p1a: Sylveon
|-damage|p1a: Sylveon|0 fnt
|faint|p1a: Sylveon
|
|upkeep
|choice|switch 6|
|
|switch|p1a: Sharpedo|Sharpedo, L77, F|100\/100
|turn|3
|choice|move waterfall|switch 4
|
|switch|p2a: Pachirisu|Pachirisu, L79, F|100\/100
|-item|p2a: Pachirisu|Air Balloon
|move|p1a: Sharpedo|Waterfall|p2a: Pachirisu
|-damage|p2a: Pachirisu|52\/100
|-enditem|p2a: Pachirisu|Air Balloon
|
|-ability|p1a: Sharpedo|Speed Boost|boost
|-boost|p1a: Sharpedo|spe|1
|upkeep
|turn|4
|choice|move protect|move thunderbolt
|
|move|p1a: Sharpedo|Protect|p1a: Sharpedo
|-singleturn|p1a: Sharpedo|Protect
|move|p2a: Pachirisu|Thunderbolt|p1a: Sharpedo
|-activate|p1a: Sharpedo|move: Protect
|
|-ability|p1a: Sharpedo|Speed Boost|boost
|-boost|p1a: Sharpedo|spe|1
|upkeep
|turn|5
|choice|move waterfall mega|move thunderbolt
|
|detailschange|p1a: Sharpedo|Sharpedo-Mega, L77, F
|-mega|p1a: Sharpedo|Sharpedo|Sharpedonite
|move|p1a: Sharpedo|Waterfall|p2a: Pachirisu
|-damage|p2a: Pachirisu|0 fnt
|faint|p2a: Pachirisu
|
|upkeep
|choice||switch 3
|
|switch|p2a: Drapion|Drapion, L79, F|100\/100
|turn|6
|choice|move waterfall|move swordsdance
|
|move|p1a: Sharpedo|Waterfall|p2a: Drapion
|-crit|p2a: Drapion
|-damage|p2a: Drapion|43\/100
|move|p2a: Drapion|Swords Dance|p2a: Drapion
|-boost|p2a: Drapion|atk|2
|
|-heal|p2a: Drapion|49\/100|[from] item: Black Sludge
|upkeep
|turn|7
|choice|move waterfall|move poisonjab
|
|move|p1a: Sharpedo|Waterfall|p2a: Drapion
|-crit|p2a: Drapion
|-damage|p2a: Drapion|0 fnt
|faint|p2a: Drapion
|
|upkeep
|c|☆The MDE|Damn.
|choice||switch 5
|
|switch|p2a: Infernape|Infernape, L77, M|100\/100
|turn|8
|choice|move waterfall|move vacuumwave
|
|move|p2a: Infernape|Vacuum Wave|p1a: Sharpedo
|-supereffective|p1a: Sharpedo
|-damage|p1a: Sharpedo|43\/100
|-damage|p2a: Infernape|91\/100|[from] item: Life Orb
|move|p1a: Sharpedo|Waterfall|p2a: Infernape
|-supereffective|p2a: Infernape
|-damage|p2a: Infernape|0 fnt
|faint|p2a: Infernape
|
|upkeep
|choice||switch 6
|
|switch|p2a: Zygarde|Zygarde, L73|100\/100
|turn|9
|choice|move icefang|move thousandarrows
|
|move|p1a: Sharpedo|Ice Fang|p2a: Zygarde
|-supereffective|p2a: Zygarde
|-damage|p2a: Zygarde|1\/100
|move|p2a: Zygarde|Thousand Arrows|p1a: Sharpedo
|-damage|p1a: Sharpedo|4\/100
|
|-activate|p2a: Zygarde|ability: Power Construct
|detailschange|p2a: Zygarde|Zygarde-Complete, L73
|-heal|p2a: Zygarde|37\/100|[silent]
|upkeep
|turn|10
|choice|move icefang|move thousandarrows
|
|move|p1a: Sharpedo|Ice Fang|p2a: Zygarde
|-supereffective|p2a: Zygarde
|-damage|p2a: Zygarde|0 fnt
|faint|p2a: Zygarde
|
|upkeep
|choice||switch 4
|
|switch|p2a: Victini|Victini, L76|86\/100
|turn|11
|choice|move waterfall|move zenheadbutt
|
|move|p1a: Sharpedo|Waterfall|p2a: Victini
|-supereffective|p2a: Victini
|-damage|p2a: Victini|17\/100
|move|p2a: Victini|Zen Headbutt|p1a: Sharpedo
|-immune|p1a: Sharpedo|[msg]
|
|upkeep
|turn|12
|-message|master0813 forfeited.
|
|win|The MDE
|l|master0813
|raw|The MDE's rating: 1731 &rarr; <strong>1745<\/strong><br \/>(+14 for winning)
|raw|master0813's rating: 1631 &rarr; <strong>1616<\/strong><br \/>(-15 for losing)</script>
</div>
<div class="battle-log battle-log-inline"><div class="inner"><div class="chat"><small>The MDE joined.</small></div><div class="chat"><small>master0813 joined.</small></div><div style="padding:5px 0"><small>Format:</small> <br><strong>[Gen 7] Random Battle</strong></div><div class="rated"><strong>Rated battle</strong></div><div><small><em>Sleep Clause Mod:</em> Limit one foe put to sleep</small></div><div><small><em>HP Percentage Mod:</em> HP is shown in percentages</small></div><div>Battle between The MDE and master0813 started!</div><div class="spacer"></div><div>Go! Sylveon!</div><div class="spacer"></div><div>master0813 sent out Victini!</div><h2>Turn 1</h2><div class="chat message-error">Battle timer is ON: inactive players will automatically lose when time's up. (requested by master0813)</div><div class="spacer"></div><div>The opposing <span class="battle-nickname-foe" title="Victini">Victini</span> used <strong>V-create</strong>!</div><div><small><span class="battle-nickname" title="Sylveon">Sylveon</span> lost 83% of its health!</small><br></div><div><small>The opposing <span class="battle-nickname-foe" title="Victini">Victini</span>'s Speed fell! The opposing <span class="battle-nickname-foe" title="Victini">Victini</span>'s Defense fell! The opposing <span class="battle-nickname-foe" title="Victini">Victini</span>'s Special Defense fell! </small></div><div class="spacer"></div><div><span class="battle-nickname" title="Sylveon">Sylveon</span> used <strong>Psyshock</strong>!</div><div><small>It's not very effective... </small><small>The opposing <span class="battle-nickname-foe" title="Victini">Victini</span> lost 14% of its health!</small><br></div><div class="spacer"></div><div><small><span class="battle-nickname" title="Sylveon">Sylveon</span> restored a little HP using its Leftovers!</small></div><h2>Turn 2</h2><div class="spacer"></div><div><span class="battle-nickname" title="Sylveon">Sylveon</span> used <strong>Wish</strong>!</div><div class="spacer"></div><div>The opposing <span class="battle-nickname-foe" title="Victini">Victini</span> used <strong>Zen Headbutt</strong>!</div><div><small><span class="battle-nickname" title="Sylveon">Sylveon</span> lost 23% of its health!</small><br></div><div class="spacer"></div><div><span class="battle-nickname" title="Sylveon">Sylveon</span> fainted!</div><div class="spacer"></div><div>Go! Sharpedo!</div><h2>Turn 3</h2><div class="spacer"></div><div>master0813 withdrew Victini!</div><div class="spacer"></div><div>master0813 sent out Pachirisu!</div><div><small>The opposing <span class="battle-nickname-foe" title="Pachirisu">Pachirisu</span> floats in the air with its Air Balloon!</small></div><div class="spacer"></div><div><span class="battle-nickname" title="Sharpedo">Sharpedo</span> used <strong>Waterfall</strong>!</div><div><small>The opposing <span class="battle-nickname-foe" title="Pachirisu">Pachirisu</span> lost 48% of its health!</small><br></div><div><small>The opposing <span class="battle-nickname-foe" title="Pachirisu">Pachirisu</span>'s Air Balloon popped!</small></div><div><small>[<span class="battle-nickname" title="Sharpedo">Sharpedo</span>'s Speed Boost!]</small></div><div><small><span class="battle-nickname" title="Sharpedo">Sharpedo</span>'s Speed rose! </small></div><h2>Turn 4</h2><div class="spacer"></div><div><span class="battle-nickname" title="Sharpedo">Sharpedo</span> used <strong>Protect</strong>!</div><div><small><span class="battle-nickname" title="Sharpedo">Sharpedo</span> protected itself!</small></div><div class="spacer"></div><div>The opposing <span class="battle-nickname-foe" title="Pachirisu">Pachirisu</span> used <strong>Thunderbolt</strong>!</div><div><small><span class="battle-nickname" title="Sharpedo">Sharpedo</span> protected itself!</small></div><div><small>[<span class="battle-nickname" title="Sharpedo">Sharpedo</span>'s Speed Boost!]</small></div><div><small><span class="battle-nickname" title="Sharpedo">Sharpedo</span>'s Speed rose! </small></div><h2>Turn 5</h2><div class="spacer"></div><div><small><span class="battle-nickname" title="Sharpedo-Mega">Sharpedo</span>'s Sharpedonite is reacting to The MDE's Mega Bracelet!<br><span class="battle-nickname" title="Sharpedo-Mega">Sharpedo</span> has Mega Evolved into Mega Sharpedo!</small></div><div class="spacer"></div><div><span class="battle-nickname" title="Sharpedo-Mega">Sharpedo</span> used <strong>Waterfall</strong>!</div><div><small>The opposing <span class="battle-nickname-foe" title="Pachirisu">Pachirisu</span> lost 52% of its health!</small><br></div><div class="spacer"></div><div>The opposing <span class="battle-nickname-foe" title="Pachirisu">Pachirisu</span> fainted!</div><div class="spacer"></div><div>master0813 sent out Drapion!</div><h2>Turn 6</h2><div class="spacer"></div><div><span class="battle-nickname" title="Sharpedo-Mega">Sharpedo</span> used <strong>Waterfall</strong>!</div><div><small>A critical hit! </small><small>The opposing <span class="battle-nickname-foe" title="Drapion">Drapion</span> lost 57% of its health!</small><br></div><div class="spacer"></div><div>The opposing <span class="battle-nickname-foe" title="Drapion">Drapion</span> used <strong>Swords Dance</strong>!</div><div><small>The opposing <span class="battle-nickname-foe" title="Drapion">Drapion</span>'s Attack rose sharply! </small></div><div class="spacer"></div><div><small>The opposing <span class="battle-nickname-foe" title="Drapion">Drapion</span> restored a little HP using its Black Sludge!</small></div><h2>Turn 7</h2><div class="spacer"></div><div><span class="battle-nickname" title="Sharpedo-Mega">Sharpedo</span> used <strong>Waterfall</strong>!</div><div><small>A critical hit! </small><small>The opposing <span class="battle-nickname-foe" title="Drapion">Drapion</span> lost 49% of its health!</small><br></div><div class="spacer"></div><div>The opposing <span class="battle-nickname-foe" title="Drapion">Drapion</span> fainted!</div><div class="chat chatmessage-themde"><strong style="color:hsl(200,43%,41%);"><small>☆</small><span class="username" data-name="The MDE">The MDE</span>:</strong> <em>Damn.</em></div><div class="spacer"></div><div>master0813 sent out Infernape!</div><h2>Turn 8</h2><div class="spacer"></div><div>The opposing <span class="battle-nickname-foe" title="Infernape">Infernape</span> used <strong>Vacuum Wave</strong>!</div><div><small>It's super effective! </small><small><span class="battle-nickname" title="Sharpedo-Mega">Sharpedo</span> lost 57% of its health!</small><br></div><div><small>The opposing <span class="battle-nickname-foe" title="Infernape">Infernape</span> lost some of its HP!</small></div><div class="spacer"></div><div><span class="battle-nickname" title="Sharpedo-Mega">Sharpedo</span> used <strong>Waterfall</strong>!</div><div><small>It's super effective! </small><small>The opposing <span class="battle-nickname-foe" title="Infernape">Infernape</span> lost 91% of its health!</small><br></div><div class="spacer"></div><div>The opposing <span class="battle-nickname-foe" title="Infernape">Infernape</span> fainted!</div><div class="spacer"></div><div>master0813 sent out Zygarde!</div><h2>Turn 9</h2><div class="spacer"></div><div><span class="battle-nickname" title="Sharpedo-Mega">Sharpedo</span> used <strong>Ice Fang</strong>!</div><div><small>It's super effective! </small><small>The opposing <span class="battle-nickname-foe" title="Zygarde">Zygarde</span> lost 99% of its health!</small><br></div><div class="spacer"></div><div>The opposing <span class="battle-nickname-foe" title="Zygarde">Zygarde</span> used <strong>Thousand Arrows</strong>!</div><div><small><span class="battle-nickname" title="Sharpedo-Mega">Sharpedo</span> lost 39% of its health!</small><br></div><div><small>[Opposing <span class="battle-nickname-foe" title="Zygarde">Zygarde</span>'s Power Construct!]</small></div><div><small>You sense the presence of many!</small></div><div class="spacer"></div><div><small>The opposing <span class="battle-nickname-foe" title="Zygarde-Complete">Zygarde</span> transformed into its Complete Forme!</small></div><h2>Turn 10</h2><div class="spacer"></div><div><span class="battle-nickname" title="Sharpedo-Mega">Sharpedo</span> used <strong>Ice Fang</strong>!</div><div><small>It's super effective! </small><small>The opposing <span class="battle-nickname-foe" title="Zygarde-Complete">Zygarde</span> lost 37% of its health!</small><br></div><div class="spacer"></div><div>The opposing <span class="battle-nickname-foe" title="Zygarde-Complete">Zygarde</span> fainted!</div><div class="spacer"></div><div>master0813 sent out Victini!</div><h2>Turn 11</h2><div class="spacer"></div><div><span class="battle-nickname" title="Sharpedo-Mega">Sharpedo</span> used <strong>Waterfall</strong>!</div><div><small>It's super effective! </small><small>The opposing <span class="battle-nickname-foe" title="Victini">Victini</span> lost 69% of its health!</small><br></div><div class="spacer"></div><div>The opposing <span class="battle-nickname-foe" title="Victini">Victini</span> used <strong>Zen Headbutt</strong>!</div><div><small>It doesn't affect <span class="battle-nickname" title="Sharpedo-Mega">Sharpedo</span>... </small></div><h2>Turn 12</h2><div class="spacer"></div><div><small>master0813 forfeited.</small></div><div class="spacer"></div><div>The MDE won the battle!</div><div class="chat"><small>master0813 left.</small></div><div class="chat">The MDE's rating: 1731 → <strong>1745</strong><br>(+14 for winning)</div><div class="chat">master0813's rating: 1631 → <strong>1616</strong><br>(-15 for losing)</div></div></div>
</div>
<script>
var daily = Math.floor(Date.now()/1000/60/60/24);document.write('<script src="https://play.pokemonshowdown.com/js/replay-embed.js?version'+daily+'"></'+'script>');
</script>
