<!DOCTYPE html>
<meta charset="utf-8" />
<!-- version 1 -->
<title>[Gen 7] Random Battle replay: yonolesimpatizo vs. uncoupdfil</title>
<style>
html,body {font-family:Verdana, sans-serif;font-size:10pt;margin:0;padding:0;}body{padding:12px 0;} .battle-log {font-family:Verdana, sans-serif;font-size:10pt;} .battle-log-inline {border:1px solid #AAAAAA;background:#EEF2F5;color:black;max-width:640px;margin:0 auto 80px;padding-bottom:5px;} .battle-log .inner {padding:4px 8px 0px 8px;} .battle-log .inner-preempt {padding:0 8px 4px 8px;} .battle-log .inner-after {margin-top:0.5em;} .battle-log h2 {margin:0.5em -8px;padding:4px 8px;border:1px solid #AAAAAA;background:#E0E7EA;border-left:0;border-right:0;font-family:Verdana, sans-serif;font-size:13pt;} .battle-log .chat {vertical-align:middle;padding:3px 0 3px 0;font-size:8pt;} .battle-log .chat strong {color:#40576A;} .battle-log .chat em {padding:1px 4px 1px 3px;color:#000000;font-style:normal;} .chat.mine {background:rgba(0,0,0,0.05);margin-left:-8px;margin-right:-8px;padding-left:8px;padding-right:8px;} .spoiler {color:#BBBBBB;background:#BBBBBB;padding:0px 3px;} .spoiler:hover, .spoiler:active, .spoiler-shown {color:#000000;background:#E2E2E2;padding:0px 3px;} .spoiler a {color:#BBBBBB;} .spoiler:hover a, .spoiler:active a, .spoiler-shown a {color:#2288CC;} .chat code, .chat .spoiler:hover code, .chat .spoiler:active code, .chat .spoiler-shown code {border:1px solid #C0C0C0;background:#EEEEEE;color:black;padding:0 2px;} .chat .spoiler code {border:1px solid #CCCCCC;background:#CCCCCC;color:#CCCCCC;} .battle-log .rated {padding:3px 4px;} .battle-log .rated strong {color:white;background:#89A;padding:1px 4px;border-radius:4px;} .spacer {margin-top:0.5em;} .message-announce {background:#6688AA;color:white;padding:1px 4px 2px;} .message-announce a, .broadcast-green a, .broadcast-blue a, .broadcast-red a {color:#DDEEFF;} .broadcast-green {background-color:#559955;color:white;padding:2px 4px;} .broadcast-blue {background-color:#6688AA;color:white;padding:2px 4px;} .infobox {border:1px solid #6688AA;padding:2px 4px;} .infobox-limited {max-height:200px;overflow:auto;overflow-x:hidden;} .broadcast-red {background-color:#AA5544;color:white;padding:2px 4px;} .message-learn-canlearn {font-weight:bold;color:#228822;text-decoration:underline;} .message-learn-cannotlearn {font-weight:bold;color:#CC2222;text-decoration:underline;} .message-effect-weak {font-weight:bold;color:#CC2222;} .message-effect-resist {font-weight:bold;color:#6688AA;} .message-effect-immune {font-weight:bold;color:#666666;} .message-learn-list {margin-top:0;margin-bottom:0;} .message-throttle-notice, .message-error {color:#992222;} .message-overflow, .chat small.message-overflow {font-size:0pt;} .message-overflow::before {font-size:9pt;content:'...';} .subtle {color:#3A4A66;}
</style>
<div class="wrapper replay-wrapper" style="max-width:1180px;margin:0 auto">
<input type="hidden" name="replayid" value="gen7randombattle-566852422" />
<div class="battle"></div><div class="battle-log"></div><div class="replay-controls"></div><div class="replay-controls-2"></div>
<h1 style="font-weight:normal;text-align:center"><strong>[Gen 7] Random Battle</strong><br /><a href="http://pokemonshowdown.com/users/yonolesimpatizo" class="subtle" target="_blank">yonolesimpatizo</a> vs. <a href="http://pokemonshowdown.com/users/uncoupdfil" class="subtle" target="_blank">uncoupdfil</a></h1>
<script type="text/plain" class="battle-log-data">|j|yonolesimpatizo
|j|uncoupdfil
|player|p1|yonolesimpatizo|169
|player|p2|uncoupdfil|102
|gametype|singles
|gen|7
|tier|[Gen 7] Random Battle
|rated
|seed|57042,4225,14037,29658,58617,62714,13396,61209,41443,11318,26124,18706
|rule|Sleep Clause Mod: Limit one foe put to sleep
|rule|HP Percentage Mod: HP is shown in percentages
|
|start
|switch|p1a: Rotom|Rotom-Fan, L79|100\/100
|switch|p2a: Glaceon|Glaceon, L79, M|100\/100
|-item|p1a: Rotom|Air Balloon
|turn|1
|choice|move voltswitch|move icebeam
|
|move|p1a: Rotom|Volt Switch|p2a: Glaceon
|-damage|p2a: Glaceon|69\/100
|choice|switch 6|
|
|switch|p1a: Jirachi|Jirachi, L75|100\/100
|move|p2a: Glaceon|Ice Beam|p1a: Jirachi
|-resisted|p1a: Jirachi
|-damage|p1a: Jirachi|88\/100
|
|-heal|p2a: Glaceon|75\/100|[from] item: Leftovers
|upkeep
|turn|2
|choice|move ironhead|move hiddenpower
|
|move|p1a: Jirachi|Iron Head|p2a: Glaceon
|-supereffective|p2a: Glaceon
|-damage|p2a: Glaceon|17\/100
|cant|p2a: Glaceon|flinch
|
|-heal|p2a: Glaceon|23\/100|[from] item: Leftovers
|upkeep
|turn|3
|inactive|Battle timer is ON: inactive players will automatically lose when time's up. (requested by uncoupdfil)
|choice|move ironhead|move hiddenpower
|
|move|p1a: Jirachi|Iron Head|p2a: Glaceon
|-supereffective|p2a: Glaceon
|-damage|p2a: Glaceon|0 fnt
|faint|p2a: Glaceon
|
|upkeep
|choice||switch 4
|
|switch|p2a: Hoopa|Hoopa, L79|100\/100
|turn|4
|choice|move uturn|move shadowball
|
|move|p1a: Jirachi|U-turn|p2a: Hoopa
|-damage|p2a: Hoopa|76\/100
|choice|switch 4|
|
|switch|p1a: Bellossom|Bellossom, L79, M|100\/100
|move|p2a: Hoopa|Shadow Ball|p1a: Bellossom
|-damage|p1a: Bellossom|35\/100
|
|upkeep
|turn|5
|choice|move gigadrain|move shadowball
|
|move|p2a: Hoopa|Shadow Ball|p1a: Bellossom
|-damage|p1a: Bellossom|0 fnt
|faint|p1a: Bellossom
|
|upkeep
|choice|switch 4|
|
|switch|p1a: Jirachi|Jirachi, L75|88\/100
|turn|6
|choice|move ironhead|move shadowball
|
|move|p1a: Jirachi|Iron Head|p2a: Hoopa
|-damage|p2a: Hoopa|34\/100
|cant|p2a: Hoopa|flinch
|
|upkeep
|turn|7
|-message|uncoupdfil forfeited.
|
|win|yonolesimpatizo
|l|uncoupdfil</script>
</div>
<div class="battle-log battle-log-inline"><div class="inner"><div class="chat"><small>yonolesimpatizo joined.</small></div><div class="chat"><small>uncoupdfil joined.</small></div><div style="padding:5px 0"><small>Format:</small> <br><strong>[Gen 7] Random Battle</strong></div><div class="rated"><strong>Rated battle</strong></div><div><small><em>Sleep Clause Mod:</em> Limit one foe put to sleep</small></div><div><small><em>HP Percentage Mod:</em> HP is shown in percentages</small></div><div>Battle between yonolesimpatizo and uncoupdfil started!</div><div class="spacer"></div><div>Go! <span class="battle-nickname" title="Rotom-Fan">Rotom <small>(Rotom-Fan)</small></span>!</div><div class="spacer"></div><div>uncoupdfil sent out Glaceon!</div><div><small><span class="battle-nickname" title="Rotom-Fan">Rotom</span> floats in the air with its Air Balloon!</small></div><h2>Turn 1</h2><div class="spacer"></div><div><span class="battle-nickname" title="Rotom-Fan">Rotom</span> used <strong>Volt Switch</strong>!</div><div><small>The opposing <span class="battle-nickname-foe" title="Glaceon">Glaceon</span> lost 31% of its health!</small><br></div><div class="spacer"></div><div><span class="battle-nickname" title="Rotom-Fan">Rotom</span> went back to yonolesimpatizo!</div><div class="spacer"></div><div>Go! Jirachi!</div><div class="spacer"></div><div>The opposing <span class="battle-nickname-foe" title="Glaceon">Glaceon</span> used <strong>Ice Beam</strong>!</div><div><small>It's not very effective... </small><small><span class="battle-nickname" title="Jirachi">Jirachi</span> lost 12% of its health!</small><br></div><div class="spacer"></div><div><small>The opposing <span class="battle-nickname-foe" title="Glaceon">Glaceon</span> restored a little HP using its Leftovers!</small></div><h2>Turn 2</h2><div class="spacer"></div><div><span class="battle-nickname" title="Jirachi">Jirachi</span> used <strong>Iron Head</strong>!</div><div><small>It's super effective! </small><small>The opposing <span class="battle-nickname-foe" title="Glaceon">Glaceon</span> lost 58% of its health!</small><br></div><div class="spacer"></div><div>The opposing <span class="battle-nickname-foe" title="Glaceon">Glaceon</span> flinched and couldn't move!</div><div class="spacer"></div><div><small>The opposing <span class="battle-nickname-foe" title="Glaceon">Glaceon</span> restored a little HP using its Leftovers!</small></div><h2>Turn 3</h2><div class="chat message-error">Battle timer is ON: inactive players will automatically lose when time's up. (requested by uncoupdfil)</div><div class="spacer"></div><div><span class="battle-nickname" title="Jirachi">Jirachi</span> used <strong>Iron Head</strong>!</div><div><small>It's super effective! </small><small>The opposing <span class="battle-nickname-foe" title="Glaceon">Glaceon</span> lost 23% of its health!</small><br></div><div class="spacer"></div><div>The opposing <span class="battle-nickname-foe" title="Glaceon">Glaceon</span> fainted!</div><div class="spacer"></div><div>uncoupdfil sent out Hoopa!</div><h2>Turn 4</h2><div class="spacer"></div><div><span class="battle-nickname" title="Jirachi">Jirachi</span> used <strong>U-turn</strong>!</div><div><small>The opposing <span class="battle-nickname-foe" title="Hoopa">Hoopa</span> lost 24% of its health!</small><br></div><div class="spacer"></div><div><span class="battle-nickname" title="Jirachi">Jirachi</span> went back to yonolesimpatizo!</div><div class="spacer"></div><div>Go! Bellossom!</div><div class="spacer"></div><div>The opposing <span class="battle-nickname-foe" title="Hoopa">Hoopa</span> used <strong>Shadow Ball</strong>!</div><div><small><span class="battle-nickname" title="Bellossom">Bellossom</span> lost 65% of its health!</small><br></div><h2>Turn 5</h2><div class="spacer"></div><div>The opposing <span class="battle-nickname-foe" title="Hoopa">Hoopa</span> used <strong>Shadow Ball</strong>!</div><div><small><span class="battle-nickname" title="Bellossom">Bellossom</span> lost 35% of its health!</small><br></div><div class="spacer"></div><div><span class="battle-nickname" title="Bellossom">Bellossom</span> fainted!</div><div class="spacer"></div><div>Go! Jirachi!</div><h2>Turn 6</h2><div class="spacer"></div><div><span class="battle-nickname" title="Jirachi">Jirachi</span> used <strong>Iron Head</strong>!</div><div><small>The opposing <span class="battle-nickname-foe" title="Hoopa">Hoopa</span> lost 42% of its health!</small><br></div><div class="spacer"></div><div>The opposing <span class="battle-nickname-foe" title="Hoopa">Hoopa</span> flinched and couldn't move!</div><h2>Turn 7</h2><div class="spacer"></div><div><small>uncoupdfil forfeited.</small></div><div class="spacer"></div><div>yonolesimpatizo won the battle!</div><div class="chat"><small>uncoupdfil left.</small></div></div></div>
</div>
<script>
var daily = Math.floor(Date.now()/1000/60/60/24);document.write('<script src="https://play.pokemonshowdown.com/js/replay-embed.js?version'+daily+'"></'+'script>');
</script>
