<!DOCTYPE html>
<meta charset="utf-8" />
<!-- version 1 -->
<title>[Gen 7] Random Battle replay: revenger 666 vs. besauccyy</title>
<style>
html,body {font-family:Verdana, sans-serif;font-size:10pt;margin:0;padding:0;}body{padding:12px 0;} .battle-log {font-family:Verdana, sans-serif;font-size:10pt;} .battle-log-inline {border:1px solid #AAAAAA;background:#EEF2F5;color:black;max-width:640px;margin:0 auto 80px;padding-bottom:5px;} .battle-log .inner {padding:4px 8px 0px 8px;} .battle-log .inner-preempt {padding:0 8px 4px 8px;} .battle-log .inner-after {margin-top:0.5em;} .battle-log h2 {margin:0.5em -8px;padding:4px 8px;border:1px solid #AAAAAA;background:#E0E7EA;border-left:0;border-right:0;font-family:Verdana, sans-serif;font-size:13pt;} .battle-log .chat {vertical-align:middle;padding:3px 0 3px 0;font-size:8pt;} .battle-log .chat strong {color:#40576A;} .battle-log .chat em {padding:1px 4px 1px 3px;color:#000000;font-style:normal;} .chat.mine {background:rgba(0,0,0,0.05);margin-left:-8px;margin-right:-8px;padding-left:8px;padding-right:8px;} .spoiler {color:#BBBBBB;background:#BBBBBB;padding:0px 3px;} .spoiler:hover, .spoiler:active, .spoiler-shown {color:#000000;background:#E2E2E2;padding:0px 3px;} .spoiler a {color:#BBBBBB;} .spoiler:hover a, .spoiler:active a, .spoiler-shown a {color:#2288CC;} .chat code, .chat .spoiler:hover code, .chat .spoiler:active code, .chat .spoiler-shown code {border:1px solid #C0C0C0;background:#EEEEEE;color:black;padding:0 2px;} .chat .spoiler code {border:1px solid #CCCCCC;background:#CCCCCC;color:#CCCCCC;} .battle-log .rated {padding:3px 4px;} .battle-log .rated strong {color:white;background:#89A;padding:1px 4px;border-radius:4px;} .spacer {margin-top:0.5em;} .message-announce {background:#6688AA;color:white;padding:1px 4px 2px;} .message-announce a, .broadcast-green a, .broadcast-blue a, .broadcast-red a {color:#DDEEFF;} .broadcast-green {background-color:#559955;color:white;padding:2px 4px;} .broadcast-blue {background-color:#6688AA;color:white;padding:2px 4px;} .infobox {border:1px solid #6688AA;padding:2px 4px;} .infobox-limited {max-height:200px;overflow:auto;overflow-x:hidden;} .broadcast-red {background-color:#AA5544;color:white;padding:2px 4px;} .message-learn-canlearn {font-weight:bold;color:#228822;text-decoration:underline;} .message-learn-cannotlearn {font-weight:bold;color:#CC2222;text-decoration:underline;} .message-effect-weak {font-weight:bold;color:#CC2222;} .message-effect-resist {font-weight:bold;color:#6688AA;} .message-effect-immune {font-weight:bold;color:#666666;} .message-learn-list {margin-top:0;margin-bottom:0;} .message-throttle-notice, .message-error {color:#992222;} .message-overflow, .chat small.message-overflow {font-size:0pt;} .message-overflow::before {font-size:9pt;content:'...';} .subtle {color:#3A4A66;}
</style>
<div class="wrapper replay-wrapper" style="max-width:1180px;margin:0 auto">
<input type="hidden" name="replayid" value="gen7randombattle-566569832" />
<div class="battle"></div><div class="battle-log"></div><div class="replay-controls"></div><div class="replay-controls-2"></div>
<h1 style="font-weight:normal;text-align:center"><strong>[Gen 7] Random Battle</strong><br /><a href="http://pokemonshowdown.com/users/revenger666" class="subtle" target="_blank">revenger 666</a> vs. <a href="http://pokemonshowdown.com/users/besauccyy" class="subtle" target="_blank">besauccyy</a></h1>
<script type="text/plain" class="battle-log-data">|j|revenger 666
|j|besauccyy
|player|p1|revenger 666|274
|player|p2|besauccyy|52
|gametype|singles
|gen|7
|tier|[Gen 7] Random Battle
|rated
|seed|38887,40983,51737,53663,60533,6794,41811,50878,47405,20662,18436,55064
|rule|Sleep Clause Mod: Limit one foe put to sleep
|rule|HP Percentage Mod: HP is shown in percentages
|
|start
|switch|p1a: Staraptor|Staraptor, L76, F|100\/100
|switch|p2a: Dragonite|Dragonite, L76, F|100\/100
|-ability|p1a: Staraptor|Intimidate|boost
|-unboost|p2a: Dragonite|atk|1
|turn|1
|choice|move uturn|switch 3
|
|switch|p2a: Wailord|Wailord, L79, M|100\/100
|-ability|p2a: Wailord|Pressure
|move|p1a: Staraptor|U-turn|p2a: Wailord
|-damage|p2a: Wailord|69\/100
|choice|switch 3|
|
|switch|p1a: Exeggutor|Exeggutor, L79, M|100\/100
|
|upkeep
|turn|2
|choice|move sleeppowder|move icebeam
|
|move|p2a: Wailord|Ice Beam|p1a: Exeggutor
|-supereffective|p1a: Exeggutor
|-damage|p1a: Exeggutor|53\/100
|move|p1a: Exeggutor|Sleep Powder|p2a: Wailord
|-status|p2a: Wailord|slp
|
|upkeep
|turn|3
|choice|move leechseed|move icebeam
|
|cant|p2a: Wailord|slp
|move|p1a: Exeggutor|Leech Seed|p2a: Wailord
|-start|p2a: Wailord|move: Leech Seed
|
|-damage|p2a: Wailord|56\/100 slp|[from] Leech Seed|[of] p1a: Exeggutor
|-heal|p1a: Exeggutor|70\/100|[silent]
|upkeep
|turn|4
|choice|move gigadrain|move icebeam
|
|cant|p2a: Wailord|slp
|move|p1a: Exeggutor|Giga Drain|p2a: Wailord
|-supereffective|p2a: Wailord
|-damage|p2a: Wailord|0 fnt
|-heal|p1a: Exeggutor|100\/100|[from] drain|[of] p2a: Wailord
|faint|p2a: Wailord
|
|upkeep
|choice||switch 2
|
|switch|p2a: Weavile|Weavile, L76, F|100\/100
|-ability|p2a: Weavile|Pressure
|turn|5
|choice|switch 2|move knockoff
|
|switch|p1a: Sableye|Sableye, L75, F|100\/100
|move|p2a: Weavile|Knock Off|p1a: Sableye
|-damage|p1a: Sableye|41\/100
|-damage|p2a: Weavile|91\/100|[from] item: Life Orb
|
|upkeep
|turn|6
|choice|move recover mega|move knockoff
|
|detailschange|p1a: Sableye|Sableye-Mega, L75, F
|-mega|p1a: Sableye|Sableye|Sablenite
|move|p2a: Weavile|Knock Off|p1a: Sableye
|-damage|p1a: Sableye|6\/100
|-damage|p2a: Weavile|81\/100|[from] item: Life Orb
|move|p1a: Sableye|Recover|p1a: Sableye
|-heal|p1a: Sableye|56\/100
|
|upkeep
|turn|7
|choice|move recover|move swordsdance
|
|move|p2a: Weavile|Swords Dance|p2a: Weavile
|-boost|p2a: Weavile|atk|2
|move|p1a: Sableye|Recover|p1a: Sableye
|-heal|p1a: Sableye|100\/100
|
|upkeep
|turn|8
|choice|move willowisp|move swordsdance
|
|move|p2a: Weavile|Swords Dance|p2a: Weavile
|-boost|p2a: Weavile|atk|2
|move|p1a: Sableye|Will-O-Wisp|p2a: Weavile
|-status|p2a: Weavile|brn
|
|-damage|p2a: Weavile|75\/100 brn|[from] brn
|upkeep
|turn|9
|choice|move calmmind|move knockoff
|
|move|p2a: Weavile|Knock Off|p1a: Sableye
|-damage|p1a: Sableye|41\/100
|-damage|p2a: Weavile|65\/100 brn|[from] item: Life Orb
|move|p1a: Sableye|Calm Mind|p1a: Sableye
|-boost|p1a: Sableye|spa|1
|-boost|p1a: Sableye|spd|1
|
|-damage|p2a: Weavile|59\/100 brn|[from] brn
|upkeep
|turn|10
|choice|move recover|move knockoff
|
|move|p2a: Weavile|Knock Off|p1a: Sableye
|-damage|p1a: Sableye|0 fnt
|-damage|p2a: Weavile|49\/100 brn|[from] item: Life Orb
|faint|p1a: Sableye
|
|-damage|p2a: Weavile|42\/100 brn|[from] brn
|upkeep
|choice|switch 5|
|
|switch|p1a: Volbeat|Volbeat, L79, M|100\/100
|turn|11
|choice|move bugbuzz|move knockoff
|
|move|p2a: Weavile|Knock Off|p1a: Volbeat
|-crit|p1a: Volbeat
|-damage|p1a: Volbeat|0 fnt
|-enditem|p1a: Volbeat|Leftovers|[from] move: Knock Off|[of] p2a: Weavile
|-damage|p2a: Weavile|33\/100 brn|[from] item: Life Orb
|faint|p1a: Volbeat
|
|-damage|p2a: Weavile|26\/100 brn|[from] brn
|upkeep
|choice|switch 4|
|
|switch|p1a: Muk|Muk-Alola, L75, F|100\/100
|turn|12
|choice|move shadowsneak|move iciclecrash
|
|move|p1a: Muk|Shadow Sneak|p2a: Weavile
|-resisted|p2a: Weavile
|-damage|p2a: Weavile|20\/100 brn
|move|p2a: Weavile|Icicle Crash|p1a: Muk|[miss]
|-miss|p2a: Weavile|p1a: Muk
|
|-damage|p2a: Weavile|13\/100 brn|[from] brn
|upkeep
|turn|13
|choice|move shadowsneak|move knockoff
|
|move|p1a: Muk|Shadow Sneak|p2a: Weavile
|-resisted|p2a: Weavile
|-damage|p2a: Weavile|7\/100 brn
|move|p2a: Weavile|Knock Off|p1a: Muk
|-resisted|p1a: Muk
|-damage|p1a: Muk|56\/100
|-enditem|p1a: Muk|Black Sludge|[from] move: Knock Off|[of] p2a: Weavile
|-damage|p2a: Weavile|0 fnt|[from] item: Life Orb
|faint|p2a: Weavile
|
|upkeep
|choice||switch 5
|
|switch|p2a: Muk|Muk, L79, F|100\/100
|turn|14
|choice|move knockoff|move curse
|
|move|p2a: Muk|Curse|p2a: Muk
|-unboost|p2a: Muk|spe|1
|-boost|p2a: Muk|atk|1
|-boost|p2a: Muk|def|1
|move|p1a: Muk|Knock Off|p2a: Muk
|-damage|p2a: Muk|76\/100
|-enditem|p2a: Muk|Black Sludge|[from] move: Knock Off|[of] p1a: Muk
|
|upkeep
|turn|15
|choice|move curse|move icepunch
|
|move|p1a: Muk|Curse|p1a: Muk
|-unboost|p1a: Muk|spe|1
|-boost|p1a: Muk|atk|1
|-boost|p1a: Muk|def|1
|move|p2a: Muk|Ice Punch|p1a: Muk
|-crit|p1a: Muk
|-damage|p1a: Muk|7\/100
|
|upkeep
|turn|16
|choice|move knockoff|move icepunch
|
|move|p2a: Muk|Ice Punch|p1a: Muk
|-damage|p1a: Muk|0 fnt
|faint|p1a: Muk
|
|upkeep
|choice|switch 2|
|
|switch|p1a: Exeggutor|Exeggutor, L79, M|100\/100
|turn|17
|choice|move psychic|move firepunch
|
|move|p1a: Exeggutor|Psychic|p2a: Muk
|-supereffective|p2a: Muk
|-damage|p2a: Muk|5\/100
|move|p2a: Muk|Fire Punch|p1a: Exeggutor
|-supereffective|p1a: Exeggutor
|-damage|p1a: Exeggutor|43\/100
|-enditem|p1a: Exeggutor|Sitrus Berry|[eat]
|-heal|p1a: Exeggutor|68\/100|[from] item: Sitrus Berry
|
|-item|p1a: Exeggutor|Sitrus Berry|[from] ability: Harvest
|upkeep
|turn|18
|choice|move sleeppowder|move firepunch
|
|move|p1a: Exeggutor|Sleep Powder|p2a: Muk
|-status|p2a: Muk|slp
|cant|p2a: Muk|slp
|
|upkeep
|turn|19
|choice|move psychic|move firepunch
|
|move|p1a: Exeggutor|Psychic|p2a: Muk
|-supereffective|p2a: Muk
|-damage|p2a: Muk|0 fnt
|faint|p2a: Muk
|
|upkeep
|choice||switch 6
|
|switch|p2a: Miltank|Miltank, L79, F|100\/100
|turn|20
|choice|move sleeppowder|move toxic
|
|move|p2a: Miltank|Toxic|p1a: Exeggutor|[miss]
|-miss|p2a: Miltank|p1a: Exeggutor
|move|p1a: Exeggutor|Sleep Powder|p2a: Miltank
|-ability|p2a: Miltank|Sap Sipper|boost
|-boost|p2a: Miltank|atk|1
|
|upkeep
|turn|21
|choice|move leechseed|move earthquake
|
|move|p2a: Miltank|Earthquake|p1a: Exeggutor
|-resisted|p1a: Exeggutor
|-damage|p1a: Exeggutor|54\/100
|move|p1a: Exeggutor|Leech Seed|p2a: Miltank
|-ability|p2a: Miltank|Sap Sipper|boost
|-boost|p2a: Miltank|atk|1
|
|upkeep
|turn|22
|choice|move gigadrain|move bodyslam
|
|move|p2a: Miltank|Body Slam|p1a: Exeggutor
|-damage|p1a: Exeggutor|1\/100
|-enditem|p1a: Exeggutor|Sitrus Berry|[eat]
|-heal|p1a: Exeggutor|26\/100|[from] item: Sitrus Berry
|move|p1a: Exeggutor|Giga Drain|p2a: Miltank
|-ability|p2a: Miltank|Sap Sipper|boost
|-boost|p2a: Miltank|atk|1
|
|upkeep
|turn|23
|choice|move psychic|move bodyslam
|
|move|p2a: Miltank|Body Slam|p1a: Exeggutor
|-damage|p1a: Exeggutor|0 fnt
|faint|p1a: Exeggutor
|
|upkeep
|choice|switch 3|
|
|switch|p1a: Staraptor|Staraptor, L76, F|100\/100
|-ability|p1a: Staraptor|Intimidate|boost
|-unboost|p2a: Miltank|atk|1
|turn|24
|choice|move closecombat|move bodyslam
|
|move|p2a: Miltank|Body Slam|p1a: Staraptor
|-damage|p1a: Staraptor|35\/100
|-status|p1a: Staraptor|par
|move|p1a: Staraptor|Close Combat|p2a: Miltank
|-supereffective|p2a: Miltank
|-damage|p2a: Miltank|14\/100
|-unboost|p1a: Staraptor|def|1
|-unboost|p1a: Staraptor|spd|1
|
|-heal|p2a: Miltank|20\/100|[from] item: Leftovers
|upkeep
|turn|25
|choice|move closecombat|move bodyslam
|
|move|p2a: Miltank|Body Slam|p1a: Staraptor
|-damage|p1a: Staraptor|0 fnt
|faint|p1a: Staraptor
|
|-heal|p2a: Miltank|26\/100|[from] item: Leftovers
|upkeep
|choice|switch 6|
|
|switch|p1a: Lycanroc|Lycanroc-Midnight, L79, M|100\/100
|turn|26
|choice|move stoneedge|move earthquake
|
|move|p2a: Miltank|Earthquake|p1a: Lycanroc
|-supereffective|p1a: Lycanroc
|-damage|p1a: Lycanroc|0 fnt
|faint|p1a: Lycanroc
|
|win|besauccyy
|raw|revenger 666's rating: 1133 &rarr; <strong>1102<\/strong><br \/>(-31 for losing)
|raw|besauccyy's rating: 1043 &rarr; <strong>1085<\/strong><br \/>(+42 for winning)
|l|revenger 666</script>
</div>
<div class="battle-log battle-log-inline"><div class="inner"><div class="chat"><small>revenger 666 joined.</small></div><div class="chat"><small>besauccyy joined.</small></div><div style="padding:5px 0"><small>Format:</small> <br><strong>[Gen 7] Random Battle</strong></div><div class="rated"><strong>Rated battle</strong></div><div><small><em>Sleep Clause Mod:</em> Limit one foe put to sleep</small></div><div><small><em>HP Percentage Mod:</em> HP is shown in percentages</small></div><div>Battle between revenger 666 and besauccyy started!</div><div class="spacer"></div><div>Go! Staraptor!</div><div class="spacer"></div><div>besauccyy sent out Dragonite!</div><div><small>[<span class="battle-nickname" title="Staraptor">Staraptor</span>'s Intimidate!]</small></div><div><small>The opposing <span class="battle-nickname-foe" title="Dragonite">Dragonite</span>'s Attack fell! </small></div><h2>Turn 1</h2><div class="spacer"></div><div>besauccyy withdrew Dragonite!</div><div class="spacer"></div><div>besauccyy sent out Wailord!</div><div><small>[Opposing <span class="battle-nickname-foe" title="Wailord">Wailord</span>'s Pressure!]</small></div><div><small>The opposing <span class="battle-nickname-foe" title="Wailord">Wailord</span> is exerting its pressure!</small></div><div class="spacer"></div><div><span class="battle-nickname" title="Staraptor">Staraptor</span> used <strong>U-turn</strong>!</div><div><small>The opposing <span class="battle-nickname-foe" title="Wailord">Wailord</span> lost 31% of its health!</small><br></div><div class="spacer"></div><div><span class="battle-nickname" title="Staraptor">Staraptor</span> went back to revenger 666!</div><div class="spacer"></div><div>Go! Exeggutor!</div><h2>Turn 2</h2><div class="spacer"></div><div>The opposing <span class="battle-nickname-foe" title="Wailord">Wailord</span> used <strong>Ice Beam</strong>!</div><div><small>It's super effective! </small><small><span class="battle-nickname" title="Exeggutor">Exeggutor</span> lost 47% of its health!</small><br></div><div class="spacer"></div><div><span class="battle-nickname" title="Exeggutor">Exeggutor</span> used <strong>Sleep Powder</strong>!</div><div><small>The opposing <span class="battle-nickname-foe" title="Wailord">Wailord</span> fell asleep!</small></div><h2>Turn 3</h2><div class="spacer"></div><div>The opposing <span class="battle-nickname-foe" title="Wailord">Wailord</span> is fast asleep.</div><div class="spacer"></div><div><span class="battle-nickname" title="Exeggutor">Exeggutor</span> used <strong>Leech Seed</strong>!</div><div><small>The opposing <span class="battle-nickname-foe" title="Wailord">Wailord</span> was seeded!</small></div><div class="spacer"></div><div><small>The opposing <span class="battle-nickname-foe" title="Wailord">Wailord</span>'s health is sapped by Leech Seed!</small></div><h2>Turn 4</h2><div class="spacer"></div><div>The opposing <span class="battle-nickname-foe" title="Wailord">Wailord</span> is fast asleep.</div><div class="spacer"></div><div><span class="battle-nickname" title="Exeggutor">Exeggutor</span> used <strong>Giga Drain</strong>!</div><div><small>It's super effective! </small><small>The opposing <span class="battle-nickname-foe" title="Wailord">Wailord</span> lost 56% of its health!</small><br></div><div><small>The opposing <span class="battle-nickname-foe" title="Wailord">Wailord</span> had its energy drained!</small></div><div class="spacer"></div><div>The opposing <span class="battle-nickname-foe" title="Wailord">Wailord</span> fainted!</div><div class="spacer"></div><div>besauccyy sent out Weavile!</div><div><small>[Opposing <span class="battle-nickname-foe" title="Weavile">Weavile</span>'s Pressure!]</small></div><div><small>The opposing <span class="battle-nickname-foe" title="Weavile">Weavile</span> is exerting its pressure!</small></div><h2>Turn 5</h2><div class="spacer"></div><div><span class="battle-nickname" title="Exeggutor">Exeggutor</span>, come back!</div><div class="spacer"></div><div>Go! Sableye!</div><div class="spacer"></div><div>The opposing <span class="battle-nickname-foe" title="Weavile">Weavile</span> used <strong>Knock Off</strong>!</div><div><small><span class="battle-nickname" title="Sableye">Sableye</span> lost 59% of its health!</small><br></div><div><small>The opposing <span class="battle-nickname-foe" title="Weavile">Weavile</span> lost some of its HP!</small></div><h2>Turn 6</h2><div class="spacer"></div><div><small><span class="battle-nickname" title="Sableye-Mega">Sableye</span>'s Sablenite is reacting to revenger 666's Mega Bracelet!<br><span class="battle-nickname" title="Sableye-Mega">Sableye</span> has Mega Evolved into Mega Sableye!</small></div><div class="spacer"></div><div>The opposing <span class="battle-nickname-foe" title="Weavile">Weavile</span> used <strong>Knock Off</strong>!</div><div><small><span class="battle-nickname" title="Sableye-Mega">Sableye</span> lost 35% of its health!</small><br></div><div><small>The opposing <span class="battle-nickname-foe" title="Weavile">Weavile</span> lost some of its HP!</small></div><div class="spacer"></div><div><span class="battle-nickname" title="Sableye-Mega">Sableye</span> used <strong>Recover</strong>!</div><div><small><span class="battle-nickname" title="Sableye-Mega">Sableye</span> restored its HP.</small></div><h2>Turn 7</h2><div class="spacer"></div><div>The opposing <span class="battle-nickname-foe" title="Weavile">Weavile</span> used <strong>Swords Dance</strong>!</div><div><small>The opposing <span class="battle-nickname-foe" title="Weavile">Weavile</span>'s Attack rose sharply! </small></div><div class="spacer"></div><div><span class="battle-nickname" title="Sableye-Mega">Sableye</span> used <strong>Recover</strong>!</div><div><small><span class="battle-nickname" title="Sableye-Mega">Sableye</span> restored its HP.</small></div><h2>Turn 8</h2><div class="spacer"></div><div>The opposing <span class="battle-nickname-foe" title="Weavile">Weavile</span> used <strong>Swords Dance</strong>!</div><div><small>The opposing <span class="battle-nickname-foe" title="Weavile">Weavile</span>'s Attack rose sharply! </small></div><div class="spacer"></div><div><span class="battle-nickname" title="Sableye-Mega">Sableye</span> used <strong>Will-O-Wisp</strong>!</div><div><small>The opposing <span class="battle-nickname-foe" title="Weavile">Weavile</span> was burned!</small></div><div class="spacer"></div><div><small>The opposing <span class="battle-nickname-foe" title="Weavile">Weavile</span> was hurt by its burn!</small></div><h2>Turn 9</h2><div class="spacer"></div><div>The opposing <span class="battle-nickname-foe" title="Weavile">Weavile</span> used <strong>Knock Off</strong>!</div><div><small><span class="battle-nickname" title="Sableye-Mega">Sableye</span> lost 59% of its health!</small><br></div><div><small>The opposing <span class="battle-nickname-foe" title="Weavile">Weavile</span> lost some of its HP!</small></div><div class="spacer"></div><div><span class="battle-nickname" title="Sableye-Mega">Sableye</span> used <strong>Calm Mind</strong>!</div><div><small><span class="battle-nickname" title="Sableye-Mega">Sableye</span>'s Special Attack rose! <span class="battle-nickname" title="Sableye-Mega">Sableye</span>'s Special Defense rose! </small></div><div class="spacer"></div><div><small>The opposing <span class="battle-nickname-foe" title="Weavile">Weavile</span> was hurt by its burn!</small></div><h2>Turn 10</h2><div class="spacer"></div><div>The opposing <span class="battle-nickname-foe" title="Weavile">Weavile</span> used <strong>Knock Off</strong>!</div><div><small><span class="battle-nickname" title="Sableye-Mega">Sableye</span> lost 41% of its health!</small><br></div><div><small>The opposing <span class="battle-nickname-foe" title="Weavile">Weavile</span> lost some of its HP!</small></div><div class="spacer"></div><div><span class="battle-nickname" title="Sableye-Mega">Sableye</span> fainted!</div><div class="spacer"></div><div><small>The opposing <span class="battle-nickname-foe" title="Weavile">Weavile</span> was hurt by its burn!</small></div><div class="spacer"></div><div>Go! Volbeat!</div><h2>Turn 11</h2><div class="spacer"></div><div>The opposing <span class="battle-nickname-foe" title="Weavile">Weavile</span> used <strong>Knock Off</strong>!</div><div><small>A critical hit! </small><small><span class="battle-nickname" title="Volbeat">Volbeat</span> lost 100% of its health!</small><br></div><div><small>The opposing <span class="battle-nickname-foe" title="Weavile">Weavile</span> knocked off <span class="battle-nickname" title="Volbeat">Volbeat</span>'s Leftovers!</small></div><div><small>The opposing <span class="battle-nickname-foe" title="Weavile">Weavile</span> lost some of its HP!</small></div><div class="spacer"></div><div><span class="battle-nickname" title="Volbeat">Volbeat</span> fainted!</div><div class="spacer"></div><div><small>The opposing <span class="battle-nickname-foe" title="Weavile">Weavile</span> was hurt by its burn!</small></div><div class="spacer"></div><div>Go! <span class="battle-nickname" title="Muk-Alola">Muk <small>(Muk-Alola)</small></span>!</div><h2>Turn 12</h2><div class="spacer"></div><div><span class="battle-nickname" title="Muk-Alola">Muk</span> used <strong>Shadow Sneak</strong>!</div><div><small>It's not very effective... </small><small>The opposing <span class="battle-nickname-foe" title="Weavile">Weavile</span> lost 6% of its health!</small><br></div><div class="spacer"></div><div>The opposing <span class="battle-nickname-foe" title="Weavile">Weavile</span> used <strong>Icicle Crash</strong>!</div><div><small><span class="battle-nickname" title="Muk-Alola">Muk</span> avoided the attack!</small></div><div class="spacer"></div><div><small>The opposing <span class="battle-nickname-foe" title="Weavile">Weavile</span> was hurt by its burn!</small></div><h2>Turn 13</h2><div class="spacer"></div><div><span class="battle-nickname" title="Muk-Alola">Muk</span> used <strong>Shadow Sneak</strong>!</div><div><small>It's not very effective... </small><small>The opposing <span class="battle-nickname-foe" title="Weavile">Weavile</span> lost 6% of its health!</small><br></div><div class="spacer"></div><div>The opposing <span class="battle-nickname-foe" title="Weavile">Weavile</span> used <strong>Knock Off</strong>!</div><div><small>It's not very effective... </small><small><span class="battle-nickname" title="Muk-Alola">Muk</span> lost 44% of its health!</small><br></div><div><small>The opposing <span class="battle-nickname-foe" title="Weavile">Weavile</span> knocked off <span class="battle-nickname" title="Muk-Alola">Muk</span>'s Black Sludge!</small></div><div><small>The opposing <span class="battle-nickname-foe" title="Weavile">Weavile</span> lost some of its HP!</small></div><div class="spacer"></div><div>The opposing <span class="battle-nickname-foe" title="Weavile">Weavile</span> fainted!</div><div class="spacer"></div><div>besauccyy sent out Muk!</div><h2>Turn 14</h2><div class="spacer"></div><div>The opposing <span class="battle-nickname-foe" title="Muk">Muk</span> used <strong>Curse</strong>!</div><div><small>The opposing <span class="battle-nickname-foe" title="Muk">Muk</span>'s Speed fell! </small></div><div><small>The opposing <span class="battle-nickname-foe" title="Muk">Muk</span>'s Attack rose! The opposing <span class="battle-nickname-foe" title="Muk">Muk</span>'s Defense rose! </small></div><div class="spacer"></div><div><span class="battle-nickname" title="Muk-Alola">Muk</span> used <strong>Knock Off</strong>!</div><div><small>The opposing <span class="battle-nickname-foe" title="Muk">Muk</span> lost 24% of its health!</small><br></div><div><small><span class="battle-nickname" title="Muk-Alola">Muk</span> knocked off the opposing <span class="battle-nickname-foe" title="Muk">Muk</span>'s Black Sludge!</small></div><h2>Turn 15</h2><div class="spacer"></div><div><span class="battle-nickname" title="Muk-Alola">Muk</span> used <strong>Curse</strong>!</div><div><small><span class="battle-nickname" title="Muk-Alola">Muk</span>'s Speed fell! </small></div><div><small><span class="battle-nickname" title="Muk-Alola">Muk</span>'s Attack rose! <span class="battle-nickname" title="Muk-Alola">Muk</span>'s Defense rose! </small></div><div class="spacer"></div><div>The opposing <span class="battle-nickname-foe" title="Muk">Muk</span> used <strong>Ice Punch</strong>!</div><div><small>A critical hit! </small><small><span class="battle-nickname" title="Muk-Alola">Muk</span> lost 49% of its health!</small><br></div><h2>Turn 16</h2><div class="spacer"></div><div>The opposing <span class="battle-nickname-foe" title="Muk">Muk</span> used <strong>Ice Punch</strong>!</div><div><small><span class="battle-nickname" title="Muk-Alola">Muk</span> lost 7% of its health!</small><br></div><div class="spacer"></div><div><span class="battle-nickname" title="Muk-Alola">Muk</span> fainted!</div><div class="spacer"></div><div>Go! Exeggutor!</div><h2>Turn 17</h2><div class="spacer"></div><div><span class="battle-nickname" title="Exeggutor">Exeggutor</span> used <strong>Psychic</strong>!</div><div><small>It's super effective! </small><small>The opposing <span class="battle-nickname-foe" title="Muk">Muk</span> lost 71% of its health!</small><br></div><div class="spacer"></div><div>The opposing <span class="battle-nickname-foe" title="Muk">Muk</span> used <strong>Fire Punch</strong>!</div><div><small>It's super effective! </small><small><span class="battle-nickname" title="Exeggutor">Exeggutor</span> lost 57% of its health!</small><br></div><div><small><span class="battle-nickname" title="Exeggutor">Exeggutor</span> ate its Sitrus Berry!</small></div><div><small><span class="battle-nickname" title="Exeggutor">Exeggutor</span> restored HP using its Sitrus Berry!</small></div><div><small>[<span class="battle-nickname" title="Exeggutor">Exeggutor</span>'s Harvest!]</small></div><div><small><span class="battle-nickname" title="Exeggutor">Exeggutor</span> harvested one Sitrus Berry!</small></div><h2>Turn 18</h2><div class="spacer"></div><div><span class="battle-nickname" title="Exeggutor">Exeggutor</span> used <strong>Sleep Powder</strong>!</div><div><small>The opposing <span class="battle-nickname-foe" title="Muk">Muk</span> fell asleep!</small></div><div class="spacer"></div><div>The opposing <span class="battle-nickname-foe" title="Muk">Muk</span> is fast asleep.</div><h2>Turn 19</h2><div class="spacer"></div><div><span class="battle-nickname" title="Exeggutor">Exeggutor</span> used <strong>Psychic</strong>!</div><div><small>It's super effective! </small><small>The opposing <span class="battle-nickname-foe" title="Muk">Muk</span> lost 5% of its health!</small><br></div><div class="spacer"></div><div>The opposing <span class="battle-nickname-foe" title="Muk">Muk</span> fainted!</div><div class="spacer"></div><div>besauccyy sent out Miltank!</div><h2>Turn 20</h2><div class="spacer"></div><div>The opposing <span class="battle-nickname-foe" title="Miltank">Miltank</span> used <strong>Toxic</strong>!</div><div><small><span class="battle-nickname" title="Exeggutor">Exeggutor</span> avoided the attack!</small></div><div class="spacer"></div><div><span class="battle-nickname" title="Exeggutor">Exeggutor</span> used <strong>Sleep Powder</strong>!</div><div><small>[Opposing <span class="battle-nickname-foe" title="Miltank">Miltank</span>'s Sap Sipper!]</small></div><div><small>The opposing <span class="battle-nickname-foe" title="Miltank">Miltank</span>'s Attack rose! </small></div><h2>Turn 21</h2><div class="spacer"></div><div>The opposing <span class="battle-nickname-foe" title="Miltank">Miltank</span> used <strong>Earthquake</strong>!</div><div><small>It's not very effective... </small><small><span class="battle-nickname" title="Exeggutor">Exeggutor</span> lost 14% of its health!</small><br></div><div class="spacer"></div><div><span class="battle-nickname" title="Exeggutor">Exeggutor</span> used <strong>Leech Seed</strong>!</div><div><small>[Opposing <span class="battle-nickname-foe" title="Miltank">Miltank</span>'s Sap Sipper!]</small></div><div><small>The opposing <span class="battle-nickname-foe" title="Miltank">Miltank</span>'s Attack rose! </small></div><h2>Turn 22</h2><div class="spacer"></div><div>The opposing <span class="battle-nickname-foe" title="Miltank">Miltank</span> used <strong>Body Slam</strong>!</div><div><small><span class="battle-nickname" title="Exeggutor">Exeggutor</span> lost 53% of its health!</small><br></div><div><small><span class="battle-nickname" title="Exeggutor">Exeggutor</span> ate its Sitrus Berry!</small></div><div><small><span class="battle-nickname" title="Exeggutor">Exeggutor</span> restored HP using its Sitrus Berry!</small></div><div class="spacer"></div><div><span class="battle-nickname" title="Exeggutor">Exeggutor</span> used <strong>Giga Drain</strong>!</div><div><small>[Opposing <span class="battle-nickname-foe" title="Miltank">Miltank</span>'s Sap Sipper!]</small></div><div><small>The opposing <span class="battle-nickname-foe" title="Miltank">Miltank</span>'s Attack rose! </small></div><h2>Turn 23</h2><div class="spacer"></div><div>The opposing <span class="battle-nickname-foe" title="Miltank">Miltank</span> used <strong>Body Slam</strong>!</div><div><small><span class="battle-nickname" title="Exeggutor">Exeggutor</span> lost 26% of its health!</small><br></div><div class="spacer"></div><div><span class="battle-nickname" title="Exeggutor">Exeggutor</span> fainted!</div><div class="spacer"></div><div>Go! Staraptor!</div><div><small>[<span class="battle-nickname" title="Staraptor">Staraptor</span>'s Intimidate!]</small></div><div><small>The opposing <span class="battle-nickname-foe" title="Miltank">Miltank</span>'s Attack fell! </small></div><h2>Turn 24</h2><div class="spacer"></div><div>The opposing <span class="battle-nickname-foe" title="Miltank">Miltank</span> used <strong>Body Slam</strong>!</div><div><small><span class="battle-nickname" title="Staraptor">Staraptor</span> lost 65% of its health!</small><br></div><div><small><span class="battle-nickname" title="Staraptor">Staraptor</span> is paralyzed! It may be unable to move!</small></div><div class="spacer"></div><div><span class="battle-nickname" title="Staraptor">Staraptor</span> used <strong>Close Combat</strong>!</div><div><small>It's super effective! </small><small>The opposing <span class="battle-nickname-foe" title="Miltank">Miltank</span> lost 86% of its health!</small><br></div><div><small><span class="battle-nickname" title="Staraptor">Staraptor</span>'s Defense fell! <span class="battle-nickname" title="Staraptor">Staraptor</span>'s Special Defense fell! </small></div><div class="spacer"></div><div><small>The opposing <span class="battle-nickname-foe" title="Miltank">Miltank</span> restored a little HP using its Leftovers!</small></div><h2>Turn 25</h2><div class="spacer"></div><div>The opposing <span class="battle-nickname-foe" title="Miltank">Miltank</span> used <strong>Body Slam</strong>!</div><div><small><span class="battle-nickname" title="Staraptor">Staraptor</span> lost 35% of its health!</small><br></div><div class="spacer"></div><div><span class="battle-nickname" title="Staraptor">Staraptor</span> fainted!</div><div class="spacer"></div><div><small>The opposing <span class="battle-nickname-foe" title="Miltank">Miltank</span> restored a little HP using its Leftovers!</small></div><div class="spacer"></div><div>Go! <span class="battle-nickname" title="Lycanroc-Midnight">Lycanroc <small>(Lycanroc-Midnight)</small></span>!</div><h2>Turn 26</h2><div class="spacer"></div><div>The opposing <span class="battle-nickname-foe" title="Miltank">Miltank</span> used <strong>Earthquake</strong>!</div><div><small>It's super effective! </small><small><span class="battle-nickname" title="Lycanroc-Midnight">Lycanroc</span> lost 100% of its health!</small><br></div><div class="spacer"></div><div><span class="battle-nickname" title="Lycanroc-Midnight">Lycanroc</span> fainted!</div><div class="spacer"></div><div>besauccyy won the battle!</div><div class="chat">revenger 666's rating: 1133 → <strong>1102</strong><br>(-31 for losing)</div><div class="chat">besauccyy's rating: 1043 → <strong>1085</strong><br>(+42 for winning)</div><div class="chat"><small>revenger 666 left.</small></div></div></div>
</div>
<script>
var daily = Math.floor(Date.now()/1000/60/60/24);document.write('<script src="https://play.pokemonshowdown.com/js/replay-embed.js?version'+daily+'"></'+'script>');
</script>
