<!DOCTYPE html>
<meta charset="utf-8" />
<!-- version 1 -->
<title>[Gen 7] Random Battle replay: Sebh_z vs. teammafia001</title>
<style>
html,body {font-family:Verdana, sans-serif;font-size:10pt;margin:0;padding:0;}body{padding:12px 0;} .battle-log {font-family:Verdana, sans-serif;font-size:10pt;} .battle-log-inline {border:1px solid #AAAAAA;background:#EEF2F5;color:black;max-width:640px;margin:0 auto 80px;padding-bottom:5px;} .battle-log .inner {padding:4px 8px 0px 8px;} .battle-log .inner-preempt {padding:0 8px 4px 8px;} .battle-log .inner-after {margin-top:0.5em;} .battle-log h2 {margin:0.5em -8px;padding:4px 8px;border:1px solid #AAAAAA;background:#E0E7EA;border-left:0;border-right:0;font-family:Verdana, sans-serif;font-size:13pt;} .battle-log .chat {vertical-align:middle;padding:3px 0 3px 0;font-size:8pt;} .battle-log .chat strong {color:#40576A;} .battle-log .chat em {padding:1px 4px 1px 3px;color:#000000;font-style:normal;} .chat.mine {background:rgba(0,0,0,0.05);margin-left:-8px;margin-right:-8px;padding-left:8px;padding-right:8px;} .spoiler {color:#BBBBBB;background:#BBBBBB;padding:0px 3px;} .spoiler:hover, .spoiler:active, .spoiler-shown {color:#000000;background:#E2E2E2;padding:0px 3px;} .spoiler a {color:#BBBBBB;} .spoiler:hover a, .spoiler:active a, .spoiler-shown a {color:#2288CC;} .chat code, .chat .spoiler:hover code, .chat .spoiler:active code, .chat .spoiler-shown code {border:1px solid #C0C0C0;background:#EEEEEE;color:black;padding:0 2px;} .chat .spoiler code {border:1px solid #CCCCCC;background:#CCCCCC;color:#CCCCCC;} .battle-log .rated {padding:3px 4px;} .battle-log .rated strong {color:white;background:#89A;padding:1px 4px;border-radius:4px;} .spacer {margin-top:0.5em;} .message-announce {background:#6688AA;color:white;padding:1px 4px 2px;} .message-announce a, .broadcast-green a, .broadcast-blue a, .broadcast-red a {color:#DDEEFF;} .broadcast-green {background-color:#559955;color:white;padding:2px 4px;} .broadcast-blue {background-color:#6688AA;color:white;padding:2px 4px;} .infobox {border:1px solid #6688AA;padding:2px 4px;} .infobox-limited {max-height:200px;overflow:auto;overflow-x:hidden;} .broadcast-red {background-color:#AA5544;color:white;padding:2px 4px;} .message-learn-canlearn {font-weight:bold;color:#228822;text-decoration:underline;} .message-learn-cannotlearn {font-weight:bold;color:#CC2222;text-decoration:underline;} .message-effect-weak {font-weight:bold;color:#CC2222;} .message-effect-resist {font-weight:bold;color:#6688AA;} .message-effect-immune {font-weight:bold;color:#666666;} .message-learn-list {margin-top:0;margin-bottom:0;} .message-throttle-notice, .message-error {color:#992222;} .message-overflow, .chat small.message-overflow {font-size:0pt;} .message-overflow::before {font-size:9pt;content:'...';} .subtle {color:#3A4A66;}
</style>
<div class="wrapper replay-wrapper" style="max-width:1180px;margin:0 auto">
<input type="hidden" name="replayid" value="gen7randombattle-566579787" />
<div class="battle"></div><div class="battle-log"></div><div class="replay-controls"></div><div class="replay-controls-2"></div>
<h1 style="font-weight:normal;text-align:center"><strong>[Gen 7] Random Battle</strong><br /><a href="http://pokemonshowdown.com/users/sebhz" class="subtle" target="_blank">Sebh_z</a> vs. <a href="http://pokemonshowdown.com/users/teammafia001" class="subtle" target="_blank">teammafia001</a></h1>
<script type="text/plain" class="battle-log-data">|j|Sebh_z
|j|teammafia001
|player|p1|Sebh_z|13
|player|p2|teammafia001|105
|gametype|singles
|gen|7
|tier|[Gen 7] Random Battle
|rated
|seed|55241,19155,61174,36881,60187,52485,24451,5782,44349,4397,1231,36919
|rule|Sleep Clause Mod: Limit one foe put to sleep
|rule|HP Percentage Mod: HP is shown in percentages
|
|start
|switch|p1a: Cryogonal|Cryogonal, L79|100\/100
|switch|p2a: Reshiram|Reshiram, L73|100\/100
|-ability|p2a: Reshiram|Turboblaze
|turn|1
|choice|move toxic|move blueflare
|
|move|p1a: Cryogonal|Toxic|p2a: Reshiram
|-status|p2a: Reshiram|tox
|move|p2a: Reshiram|Blue Flare|p1a: Cryogonal|[miss]
|-miss|p2a: Reshiram|p1a: Cryogonal
|
|-damage|p2a: Reshiram|94\/100 tox|[from] psn
|upkeep
|turn|2
|choice|switch 4|move blueflare
|
|switch|p1a: Simipour|Simipour, L79, F|100\/100
|move|p2a: Reshiram|Blue Flare|p1a: Simipour
|-resisted|p1a: Simipour
|-crit|p1a: Simipour
|-damage|p1a: Simipour|36\/100
|
|-heal|p2a: Reshiram|100\/100 tox|[from] item: Leftovers
|-damage|p2a: Reshiram|88\/100 tox|[from] psn
|upkeep
|turn|3
|choice|move icebeam|switch 5
|
|switch|p2a: Kecleon|Kecleon, L79, M|100\/100
|move|p1a: Simipour|Ice Beam|p2a: Kecleon
|-damage|p2a: Kecleon|75\/100
|-status|p2a: Kecleon|frz
|-damage|p1a: Simipour|26\/100|[from] item: Life Orb
|
|upkeep
|turn|4
|choice|move focusblast|move fakeout
|
|cant|p2a: Kecleon|frz
|move|p1a: Simipour|Focus Blast|p2a: Kecleon
|-supereffective|p2a: Kecleon
|-damage|p2a: Kecleon|8\/100 frz
|-damage|p1a: Simipour|16\/100|[from] item: Life Orb
|
|upkeep
|turn|5
|choice|move icebeam|move drainpunch
|
|move|p1a: Simipour|Ice Beam|p2a: Kecleon
|-damage|p2a: Kecleon|0 fnt
|-damage|p1a: Simipour|7\/100|[from] item: Life Orb
|faint|p2a: Kecleon
|
|upkeep
|choice||switch 6
|
|switch|p2a: Accelgor|Accelgor, L79, M|100\/100
|turn|6
|choice|move hydropump|move bugbuzz
|
|move|p2a: Accelgor|Bug Buzz|p1a: Simipour
|-damage|p1a: Simipour|0 fnt
|faint|p1a: Simipour
|
|upkeep
|choice|switch 2|
|
|switch|p1a: Stantler|Stantler, L79, M|100\/100
|-ability|p1a: Stantler|Intimidate|boost
|-unboost|p2a: Accelgor|atk|1
|turn|7
|choice|move doubleedge|move bugbuzz
|
|move|p2a: Accelgor|Bug Buzz|p1a: Stantler
|-damage|p1a: Stantler|54\/100
|move|p1a: Stantler|Double-Edge|p2a: Accelgor
|-damage|p2a: Accelgor|2\/100
|-damage|p1a: Stantler|20\/100|[from] recoil|[of] p2a: Accelgor
|-damage|p1a: Stantler|10\/100|[from] item: Life Orb
|
|-heal|p2a: Accelgor|8\/100|[from] item: Leftovers
|upkeep
|turn|8
|choice|move suckerpunch|move bugbuzz
|
|move|p1a: Stantler|Sucker Punch|p2a: Accelgor
|-damage|p2a: Accelgor|0 fnt
|-damage|p1a: Stantler|0 fnt|[from] item: Life Orb
|faint|p2a: Accelgor
|faint|p1a: Stantler
|
|upkeep
|choice|switch 4|switch 4
|
|switch|p1a: Cryogonal|Cryogonal, L79|100\/100
|switch|p2a: Delphox|Delphox, L79, F|100\/100
|turn|9
|choice|switch 5|move calmmind
|
|switch|p1a: Bruxish|Bruxish, L79, M|100\/100
|move|p2a: Delphox|Calm Mind|p2a: Delphox
|-boost|p2a: Delphox|spa|1
|-boost|p2a: Delphox|spd|1
|
|upkeep
|turn|10
|choice|move waterfall|move grassknot
|
|move|p2a: Delphox|Grass Knot|p1a: Bruxish
|-supereffective|p1a: Bruxish
|-damage|p1a: Bruxish|39\/100
|-damage|p2a: Delphox|91\/100|[from] item: Life Orb
|move|p1a: Bruxish|Waterfall|p2a: Delphox
|-supereffective|p2a: Delphox
|-damage|p2a: Delphox|0 fnt
|faint|p2a: Delphox
|
|upkeep
|choice||switch 3
|
|switch|p2a: Lunala|Lunala, L73|100\/100
|turn|11
|choice|move waterfall|move moongeistbeam
|
|move|p1a: Bruxish|Waterfall|p2a: Lunala
|-damage|p2a: Lunala|79\/100
|move|p2a: Lunala|Moongeist Beam|p1a: Bruxish
|-supereffective|p1a: Bruxish
|-damage|p1a: Bruxish|0 fnt
|faint|p1a: Bruxish
|
|-heal|p2a: Lunala|85\/100|[from] item: Leftovers
|upkeep
|choice|switch 6|
|
|switch|p1a: Jumpluff|Jumpluff, L79, M|100\/100
|turn|12
|choice|move sleeppowder|move calmmind
|
|move|p1a: Jumpluff|Sleep Powder|p2a: Lunala
|-status|p2a: Lunala|slp
|cant|p2a: Lunala|slp
|
|-heal|p2a: Lunala|92\/100 slp|[from] item: Leftovers
|upkeep
|turn|13
|choice|move seedbomb|move roost
|
|move|p1a: Jumpluff|Seed Bomb|p2a: Lunala
|-damage|p2a: Lunala|74\/100 slp
|cant|p2a: Lunala|slp
|
|-heal|p2a: Lunala|80\/100 slp|[from] item: Leftovers
|upkeep
|turn|14
|choice|move swordsdance|move roost
|
|move|p1a: Jumpluff|Swords Dance|p1a: Jumpluff
|-boost|p1a: Jumpluff|atk|2
|cant|p2a: Lunala|slp
|
|-heal|p2a: Lunala|86\/100 slp|[from] item: Leftovers
|upkeep
|turn|15
|choice|move swordsdance|move roost
|
|move|p1a: Jumpluff|Swords Dance|p1a: Jumpluff
|-boost|p1a: Jumpluff|atk|2
|-curestatus|p2a: Lunala|slp|[msg]
|move|p2a: Lunala|Roost|p2a: Lunala
|-heal|p2a: Lunala|100\/100
|
|upkeep
|turn|16
|choice|move sleeppowder|move moongeistbeam
|
|move|p1a: Jumpluff|Sleep Powder|p2a: Lunala
|-status|p2a: Lunala|slp
|cant|p2a: Lunala|slp
|
|upkeep
|turn|17
|choice|move swordsdance|move moongeistbeam
|
|move|p1a: Jumpluff|Swords Dance|p1a: Jumpluff
|-boost|p1a: Jumpluff|atk|2
|-curestatus|p2a: Lunala|slp|[msg]
|move|p2a: Lunala|Moongeist Beam|p1a: Jumpluff
|-damage|p1a: Jumpluff|56\/100
|
|upkeep
|turn|18
|choice|move acrobatics|move moongeistbeam
|
|move|p1a: Jumpluff|Acrobatics|p2a: Lunala
|-damage|p2a: Lunala|56\/100
|move|p2a: Lunala|Moongeist Beam|p1a: Jumpluff
|-damage|p1a: Jumpluff|16\/100
|
|-heal|p2a: Lunala|62\/100|[from] item: Leftovers
|upkeep
|turn|19
|choice|move seedbomb|move moongeistbeam
|
|move|p1a: Jumpluff|Seed Bomb|p2a: Lunala
|-damage|p2a: Lunala|0 fnt
|faint|p2a: Lunala
|
|upkeep
|choice||switch 5
|
|switch|p2a: Reshiram|Reshiram, L73|88\/100 tox
|-ability|p2a: Reshiram|Turboblaze
|turn|20
|choice|move acrobatics|move blueflare
|
|move|p1a: Jumpluff|Acrobatics|p2a: Reshiram
|-damage|p2a: Reshiram|0 fnt
|faint|p2a: Reshiram
|
|upkeep
|choice||switch 2
|
|switch|p2a: Regirock|Regirock, L79|100\/100
|turn|21
|choice|move seedbomb|move stoneedge
|
|move|p1a: Jumpluff|Seed Bomb|p2a: Regirock
|-supereffective|p2a: Regirock
|-damage|p2a: Regirock|22\/100
|move|p2a: Regirock|Stone Edge|p1a: Jumpluff
|-supereffective|p1a: Jumpluff
|-damage|p1a: Jumpluff|0 fnt
|faint|p1a: Jumpluff
|
|upkeep
|choice|switch 5|
|
|switch|p1a: Cryogonal|Cryogonal, L79|100\/100
|turn|22
|choice|move toxic|move rest
|
|move|p1a: Cryogonal|Toxic|p2a: Regirock|[miss]
|-miss|p1a: Cryogonal|p2a: Regirock
|move|p2a: Regirock|Rest|p2a: Regirock
|-status|p2a: Regirock|slp
|-heal|p2a: Regirock|100\/100 slp|[silent]
|-status|p2a: Regirock|slp|[from] move: Rest
|-enditem|p2a: Regirock|Chesto Berry|[eat]
|-curestatus|p2a: Regirock|slp|[msg]
|
|upkeep
|turn|23
|choice|move toxic|move drainpunch
|
|move|p1a: Cryogonal|Toxic|p2a: Regirock
|-status|p2a: Regirock|tox
|move|p2a: Regirock|Drain Punch|p1a: Cryogonal
|-supereffective|p1a: Cryogonal
|-damage|p1a: Cryogonal|42\/100
|
|-damage|p2a: Regirock|94\/100 tox|[from] psn
|upkeep
|turn|24
|choice|switch 3|move drainpunch
|
|switch|p1a: Entei|Entei, L77|100\/100
|move|p2a: Regirock|Drain Punch|p1a: Entei
|-damage|p1a: Entei|83\/100
|-heal|p2a: Regirock|100\/100 tox|[from] drain|[of] p1a: Entei
|
|-damage|p2a: Regirock|88\/100 tox|[from] psn
|upkeep
|turn|25
|choice|move bulldoze|move stoneedge
|
|move|p1a: Entei|Bulldoze|p2a: Regirock
|-supereffective|p2a: Regirock
|-damage|p2a: Regirock|61\/100 tox
|-unboost|p2a: Regirock|spe|1
|move|p2a: Regirock|Stone Edge|p1a: Entei
|-supereffective|p1a: Entei
|-damage|p1a: Entei|14\/100
|
|-damage|p2a: Regirock|42\/100 tox|[from] psn
|upkeep
|turn|26
|choice|move bulldoze|move rest
|
|move|p1a: Entei|Bulldoze|p2a: Regirock
|-supereffective|p2a: Regirock
|-damage|p2a: Regirock|15\/100 tox
|-unboost|p2a: Regirock|spe|1
|move|p2a: Regirock|Rest|p2a: Regirock
|-status|p2a: Regirock|slp
|-heal|p2a: Regirock|100\/100 slp|[silent]
|-status|p2a: Regirock|slp|[from] move: Rest
|
|upkeep
|turn|27
|choice|move bulldoze|move stoneedge
|
|move|p1a: Entei|Bulldoze|p2a: Regirock
|-supereffective|p2a: Regirock
|-damage|p2a: Regirock|73\/100 slp
|-unboost|p2a: Regirock|spe|1
|cant|p2a: Regirock|slp
|
|upkeep
|turn|28
|choice|move bulldoze|move stoneedge
|
|move|p1a: Entei|Bulldoze|p2a: Regirock
|-supereffective|p2a: Regirock
|-damage|p2a: Regirock|45\/100 slp
|-unboost|p2a: Regirock|spe|1
|cant|p2a: Regirock|slp
|
|upkeep
|turn|29
|c|☆Sebh_z|gg
|choice|move bulldoze|move stoneedge
|
|move|p1a: Entei|Bulldoze|p2a: Regirock
|-supereffective|p2a: Regirock
|-damage|p2a: Regirock|18\/100 slp
|-unboost|p2a: Regirock|spe|1
|-curestatus|p2a: Regirock|slp|[msg]
|move|p2a: Regirock|Stone Edge|p1a: Entei|[miss]
|-miss|p2a: Regirock|p1a: Entei
|
|upkeep
|turn|30
|choice|move bulldoze|move rest
|
|move|p1a: Entei|Bulldoze|p2a: Regirock
|-supereffective|p2a: Regirock
|-damage|p2a: Regirock|0 fnt
|faint|p2a: Regirock
|
|win|Sebh_z</script>
</div>
<div class="battle-log battle-log-inline"><div class="inner"><div class="chat"><small>Sebh_z joined.</small></div><div class="chat"><small>teammafia001 joined.</small></div><div style="padding:5px 0"><small>Format:</small> <br><strong>[Gen 7] Random Battle</strong></div><div class="rated"><strong>Rated battle</strong></div><div><small><em>Sleep Clause Mod:</em> Limit one foe put to sleep</small></div><div><small><em>HP Percentage Mod:</em> HP is shown in percentages</small></div><div>Battle between Sebh_z and teammafia001 started!</div><div class="spacer"></div><div>Go! Cryogonal!</div><div class="spacer"></div><div>teammafia001 sent out Reshiram!</div><div><small>[Opposing <span class="battle-nickname-foe" title="Reshiram">Reshiram</span>'s Turboblaze!]</small></div><div><small>The opposing <span class="battle-nickname-foe" title="Reshiram">Reshiram</span> is radiating a blazing aura!</small></div><h2>Turn 1</h2><div class="spacer"></div><div><span class="battle-nickname" title="Cryogonal">Cryogonal</span> used <strong>Toxic</strong>!</div><div><small>The opposing <span class="battle-nickname-foe" title="Reshiram">Reshiram</span> was badly poisoned!</small></div><div class="spacer"></div><div>The opposing <span class="battle-nickname-foe" title="Reshiram">Reshiram</span> used <strong>Blue Flare</strong>!</div><div><small><span class="battle-nickname" title="Cryogonal">Cryogonal</span> avoided the attack!</small></div><div class="spacer"></div><div><small>The opposing <span class="battle-nickname-foe" title="Reshiram">Reshiram</span> was hurt by poison!</small></div><h2>Turn 2</h2><div class="spacer"></div><div><span class="battle-nickname" title="Cryogonal">Cryogonal</span>, come back!</div><div class="spacer"></div><div>Go! Simipour!</div><div class="spacer"></div><div>The opposing <span class="battle-nickname-foe" title="Reshiram">Reshiram</span> used <strong>Blue Flare</strong>!</div><div><small>It's not very effective... A critical hit! </small><small><span class="battle-nickname" title="Simipour">Simipour</span> lost 64% of its health!</small><br></div><div class="spacer"></div><div><small>The opposing <span class="battle-nickname-foe" title="Reshiram">Reshiram</span> restored a little HP using its Leftovers!</small></div><div><small>The opposing <span class="battle-nickname-foe" title="Reshiram">Reshiram</span> was hurt by poison!</small></div><h2>Turn 3</h2><div class="spacer"></div><div>teammafia001 withdrew Reshiram!</div><div class="spacer"></div><div>teammafia001 sent out Kecleon!</div><div class="spacer"></div><div><span class="battle-nickname" title="Simipour">Simipour</span> used <strong>Ice Beam</strong>!</div><div><small>The opposing <span class="battle-nickname-foe" title="Kecleon">Kecleon</span> lost 25% of its health!</small><br></div><div><small>The opposing <span class="battle-nickname-foe" title="Kecleon">Kecleon</span> was frozen solid!</small></div><div><small><span class="battle-nickname" title="Simipour">Simipour</span> lost some of its HP!</small></div><h2>Turn 4</h2><div class="spacer"></div><div>The opposing <span class="battle-nickname-foe" title="Kecleon">Kecleon</span> is frozen solid!</div><div class="spacer"></div><div><span class="battle-nickname" title="Simipour">Simipour</span> used <strong>Focus Blast</strong>!</div><div><small>It's super effective! </small><small>The opposing <span class="battle-nickname-foe" title="Kecleon">Kecleon</span> lost 67% of its health!</small><br></div><div><small><span class="battle-nickname" title="Simipour">Simipour</span> lost some of its HP!</small></div><h2>Turn 5</h2><div class="spacer"></div><div><span class="battle-nickname" title="Simipour">Simipour</span> used <strong>Ice Beam</strong>!</div><div><small>The opposing <span class="battle-nickname-foe" title="Kecleon">Kecleon</span> lost 8% of its health!</small><br></div><div><small><span class="battle-nickname" title="Simipour">Simipour</span> lost some of its HP!</small></div><div class="spacer"></div><div>The opposing <span class="battle-nickname-foe" title="Kecleon">Kecleon</span> fainted!</div><div class="spacer"></div><div>teammafia001 sent out Accelgor!</div><h2>Turn 6</h2><div class="spacer"></div><div>The opposing <span class="battle-nickname-foe" title="Accelgor">Accelgor</span> used <strong>Bug Buzz</strong>!</div><div><small><span class="battle-nickname" title="Simipour">Simipour</span> lost 7% of its health!</small><br></div><div class="spacer"></div><div><span class="battle-nickname" title="Simipour">Simipour</span> fainted!</div><div class="spacer"></div><div>Go! Stantler!</div><div><small>[<span class="battle-nickname" title="Stantler">Stantler</span>'s Intimidate!]</small></div><div><small>The opposing <span class="battle-nickname-foe" title="Accelgor">Accelgor</span>'s Attack fell! </small></div><h2>Turn 7</h2><div class="spacer"></div><div>The opposing <span class="battle-nickname-foe" title="Accelgor">Accelgor</span> used <strong>Bug Buzz</strong>!</div><div><small><span class="battle-nickname" title="Stantler">Stantler</span> lost 46% of its health!</small><br></div><div class="spacer"></div><div><span class="battle-nickname" title="Stantler">Stantler</span> used <strong>Double-Edge</strong>!</div><div><small>The opposing <span class="battle-nickname-foe" title="Accelgor">Accelgor</span> lost 98% of its health!</small><br></div><div><small><span class="battle-nickname" title="Stantler">Stantler</span> is damaged by the recoil!</small></div><div><small><span class="battle-nickname" title="Stantler">Stantler</span> lost some of its HP!</small></div><div class="spacer"></div><div><small>The opposing <span class="battle-nickname-foe" title="Accelgor">Accelgor</span> restored a little HP using its Leftovers!</small></div><h2>Turn 8</h2><div class="spacer"></div><div><span class="battle-nickname" title="Stantler">Stantler</span> used <strong>Sucker Punch</strong>!</div><div><small>The opposing <span class="battle-nickname-foe" title="Accelgor">Accelgor</span> lost 8% of its health!</small><br></div><div><small><span class="battle-nickname" title="Stantler">Stantler</span> lost some of its HP!</small></div><div class="spacer"></div><div>The opposing <span class="battle-nickname-foe" title="Accelgor">Accelgor</span> fainted!</div><div class="spacer"></div><div><span class="battle-nickname" title="Stantler">Stantler</span> fainted!</div><div class="spacer"></div><div>Go! Cryogonal!</div><div class="spacer"></div><div>teammafia001 sent out Delphox!</div><h2>Turn 9</h2><div class="spacer"></div><div><span class="battle-nickname" title="Cryogonal">Cryogonal</span>, come back!</div><div class="spacer"></div><div>Go! Bruxish!</div><div class="spacer"></div><div>The opposing <span class="battle-nickname-foe" title="Delphox">Delphox</span> used <strong>Calm Mind</strong>!</div><div><small>The opposing <span class="battle-nickname-foe" title="Delphox">Delphox</span>'s Special Attack rose! The opposing <span class="battle-nickname-foe" title="Delphox">Delphox</span>'s Special Defense rose! </small></div><h2>Turn 10</h2><div class="spacer"></div><div>The opposing <span class="battle-nickname-foe" title="Delphox">Delphox</span> used <strong>Grass Knot</strong>!</div><div><small>It's super effective! </small><small><span class="battle-nickname" title="Bruxish">Bruxish</span> lost 61% of its health!</small><br></div><div><small>The opposing <span class="battle-nickname-foe" title="Delphox">Delphox</span> lost some of its HP!</small></div><div class="spacer"></div><div><span class="battle-nickname" title="Bruxish">Bruxish</span> used <strong>Waterfall</strong>!</div><div><small>It's super effective! </small><small>The opposing <span class="battle-nickname-foe" title="Delphox">Delphox</span> lost 91% of its health!</small><br></div><div class="spacer"></div><div>The opposing <span class="battle-nickname-foe" title="Delphox">Delphox</span> fainted!</div><div class="spacer"></div><div>teammafia001 sent out Lunala!</div><h2>Turn 11</h2><div class="spacer"></div><div><span class="battle-nickname" title="Bruxish">Bruxish</span> used <strong>Waterfall</strong>!</div><div><small>The opposing <span class="battle-nickname-foe" title="Lunala">Lunala</span> lost 21% of its health!</small><br></div><div class="spacer"></div><div>The opposing <span class="battle-nickname-foe" title="Lunala">Lunala</span> used <strong>Moongeist Beam</strong>!</div><div><small>It's super effective! </small><small><span class="battle-nickname" title="Bruxish">Bruxish</span> lost 39% of its health!</small><br></div><div class="spacer"></div><div><span class="battle-nickname" title="Bruxish">Bruxish</span> fainted!</div><div class="spacer"></div><div><small>The opposing <span class="battle-nickname-foe" title="Lunala">Lunala</span> restored a little HP using its Leftovers!</small></div><div class="spacer"></div><div>Go! Jumpluff!</div><h2>Turn 12</h2><div class="spacer"></div><div><span class="battle-nickname" title="Jumpluff">Jumpluff</span> used <strong>Sleep Powder</strong>!</div><div><small>The opposing <span class="battle-nickname-foe" title="Lunala">Lunala</span> fell asleep!</small></div><div class="spacer"></div><div>The opposing <span class="battle-nickname-foe" title="Lunala">Lunala</span> is fast asleep.</div><div class="spacer"></div><div><small>The opposing <span class="battle-nickname-foe" title="Lunala">Lunala</span> restored a little HP using its Leftovers!</small></div><h2>Turn 13</h2><div class="spacer"></div><div><span class="battle-nickname" title="Jumpluff">Jumpluff</span> used <strong>Seed Bomb</strong>!</div><div><small>The opposing <span class="battle-nickname-foe" title="Lunala">Lunala</span> lost 18% of its health!</small><br></div><div class="spacer"></div><div>The opposing <span class="battle-nickname-foe" title="Lunala">Lunala</span> is fast asleep.</div><div class="spacer"></div><div><small>The opposing <span class="battle-nickname-foe" title="Lunala">Lunala</span> restored a little HP using its Leftovers!</small></div><h2>Turn 14</h2><div class="spacer"></div><div><span class="battle-nickname" title="Jumpluff">Jumpluff</span> used <strong>Swords Dance</strong>!</div><div><small><span class="battle-nickname" title="Jumpluff">Jumpluff</span>'s Attack rose sharply! </small></div><div class="spacer"></div><div>The opposing <span class="battle-nickname-foe" title="Lunala">Lunala</span> is fast asleep.</div><div class="spacer"></div><div><small>The opposing <span class="battle-nickname-foe" title="Lunala">Lunala</span> restored a little HP using its Leftovers!</small></div><h2>Turn 15</h2><div class="spacer"></div><div><span class="battle-nickname" title="Jumpluff">Jumpluff</span> used <strong>Swords Dance</strong>!</div><div><small><span class="battle-nickname" title="Jumpluff">Jumpluff</span>'s Attack rose sharply! </small></div><div><small>The opposing <span class="battle-nickname-foe" title="Lunala">Lunala</span> woke up!</small></div><div class="spacer"></div><div>The opposing <span class="battle-nickname-foe" title="Lunala">Lunala</span> used <strong>Roost</strong>!</div><div><small>The opposing <span class="battle-nickname-foe" title="Lunala">Lunala</span> restored its HP.</small></div><h2>Turn 16</h2><div class="spacer"></div><div><span class="battle-nickname" title="Jumpluff">Jumpluff</span> used <strong>Sleep Powder</strong>!</div><div><small>The opposing <span class="battle-nickname-foe" title="Lunala">Lunala</span> fell asleep!</small></div><div class="spacer"></div><div>The opposing <span class="battle-nickname-foe" title="Lunala">Lunala</span> is fast asleep.</div><h2>Turn 17</h2><div class="spacer"></div><div><span class="battle-nickname" title="Jumpluff">Jumpluff</span> used <strong>Swords Dance</strong>!</div><div><small><span class="battle-nickname" title="Jumpluff">Jumpluff</span>'s Attack rose sharply! </small></div><div><small>The opposing <span class="battle-nickname-foe" title="Lunala">Lunala</span> woke up!</small></div><div class="spacer"></div><div>The opposing <span class="battle-nickname-foe" title="Lunala">Lunala</span> used <strong>Moongeist Beam</strong>!</div><div><small><span class="battle-nickname" title="Jumpluff">Jumpluff</span> lost 44% of its health!</small><br></div><h2>Turn 18</h2><div class="spacer"></div><div><span class="battle-nickname" title="Jumpluff">Jumpluff</span> used <strong>Acrobatics</strong>!</div><div><small>The opposing <span class="battle-nickname-foe" title="Lunala">Lunala</span> lost 44% of its health!</small><br></div><div class="spacer"></div><div>The opposing <span class="battle-nickname-foe" title="Lunala">Lunala</span> used <strong>Moongeist Beam</strong>!</div><div><small><span class="battle-nickname" title="Jumpluff">Jumpluff</span> lost 40% of its health!</small><br></div><div class="spacer"></div><div><small>The opposing <span class="battle-nickname-foe" title="Lunala">Lunala</span> restored a little HP using its Leftovers!</small></div><h2>Turn 19</h2><div class="spacer"></div><div><span class="battle-nickname" title="Jumpluff">Jumpluff</span> used <strong>Seed Bomb</strong>!</div><div><small>The opposing <span class="battle-nickname-foe" title="Lunala">Lunala</span> lost 62% of its health!</small><br></div><div class="spacer"></div><div>The opposing <span class="battle-nickname-foe" title="Lunala">Lunala</span> fainted!</div><div class="spacer"></div><div>teammafia001 sent out Reshiram!</div><div><small>[Opposing <span class="battle-nickname-foe" title="Reshiram">Reshiram</span>'s Turboblaze!]</small></div><div><small>The opposing <span class="battle-nickname-foe" title="Reshiram">Reshiram</span> is radiating a blazing aura!</small></div><h2>Turn 20</h2><div class="spacer"></div><div><span class="battle-nickname" title="Jumpluff">Jumpluff</span> used <strong>Acrobatics</strong>!</div><div><small>The opposing <span class="battle-nickname-foe" title="Reshiram">Reshiram</span> lost 88% of its health!</small><br></div><div class="spacer"></div><div>The opposing <span class="battle-nickname-foe" title="Reshiram">Reshiram</span> fainted!</div><div class="spacer"></div><div>teammafia001 sent out Regirock!</div><h2>Turn 21</h2><div class="spacer"></div><div><span class="battle-nickname" title="Jumpluff">Jumpluff</span> used <strong>Seed Bomb</strong>!</div><div><small>It's super effective! </small><small>The opposing <span class="battle-nickname-foe" title="Regirock">Regirock</span> lost 78% of its health!</small><br></div><div class="spacer"></div><div>The opposing <span class="battle-nickname-foe" title="Regirock">Regirock</span> used <strong>Stone Edge</strong>!</div><div><small>It's super effective! </small><small><span class="battle-nickname" title="Jumpluff">Jumpluff</span> lost 16% of its health!</small><br></div><div class="spacer"></div><div><span class="battle-nickname" title="Jumpluff">Jumpluff</span> fainted!</div><div class="spacer"></div><div>Go! Cryogonal!</div><h2>Turn 22</h2><div class="spacer"></div><div><span class="battle-nickname" title="Cryogonal">Cryogonal</span> used <strong>Toxic</strong>!</div><div><small>The opposing <span class="battle-nickname-foe" title="Regirock">Regirock</span> avoided the attack!</small></div><div class="spacer"></div><div>The opposing <span class="battle-nickname-foe" title="Regirock">Regirock</span> used <strong>Rest</strong>!</div><div><small>The opposing <span class="battle-nickname-foe" title="Regirock">Regirock</span> fell asleep!</small></div><div><small>The opposing <span class="battle-nickname-foe" title="Regirock">Regirock</span> slept and became healthy!</small></div><div><small>The opposing <span class="battle-nickname-foe" title="Regirock">Regirock</span> ate its Chesto Berry!</small></div><div><small>The opposing <span class="battle-nickname-foe" title="Regirock">Regirock</span> woke up!</small></div><h2>Turn 23</h2><div class="spacer"></div><div><span class="battle-nickname" title="Cryogonal">Cryogonal</span> used <strong>Toxic</strong>!</div><div><small>The opposing <span class="battle-nickname-foe" title="Regirock">Regirock</span> was badly poisoned!</small></div><div class="spacer"></div><div>The opposing <span class="battle-nickname-foe" title="Regirock">Regirock</span> used <strong>Drain Punch</strong>!</div><div><small>It's super effective! </small><small><span class="battle-nickname" title="Cryogonal">Cryogonal</span> lost 58% of its health!</small><br></div><div class="spacer"></div><div><small>The opposing <span class="battle-nickname-foe" title="Regirock">Regirock</span> was hurt by poison!</small></div><h2>Turn 24</h2><div class="spacer"></div><div><span class="battle-nickname" title="Cryogonal">Cryogonal</span>, come back!</div><div class="spacer"></div><div>Go! Entei!</div><div class="spacer"></div><div>The opposing <span class="battle-nickname-foe" title="Regirock">Regirock</span> used <strong>Drain Punch</strong>!</div><div><small><span class="battle-nickname" title="Entei">Entei</span> lost 17% of its health!</small><br></div><div><small><span class="battle-nickname" title="Entei">Entei</span> had its energy drained!</small></div><div class="spacer"></div><div><small>The opposing <span class="battle-nickname-foe" title="Regirock">Regirock</span> was hurt by poison!</small></div><h2>Turn 25</h2><div class="spacer"></div><div><span class="battle-nickname" title="Entei">Entei</span> used <strong>Bulldoze</strong>!</div><div><small>It's super effective! </small><small>The opposing <span class="battle-nickname-foe" title="Regirock">Regirock</span> lost 27% of its health!</small><br></div><div><small>The opposing <span class="battle-nickname-foe" title="Regirock">Regirock</span>'s Speed fell! </small></div><div class="spacer"></div><div>The opposing <span class="battle-nickname-foe" title="Regirock">Regirock</span> used <strong>Stone Edge</strong>!</div><div><small>It's super effective! </small><small><span class="battle-nickname" title="Entei">Entei</span> lost 69% of its health!</small><br></div><div class="spacer"></div><div><small>The opposing <span class="battle-nickname-foe" title="Regirock">Regirock</span> was hurt by poison!</small></div><h2>Turn 26</h2><div class="spacer"></div><div><span class="battle-nickname" title="Entei">Entei</span> used <strong>Bulldoze</strong>!</div><div><small>It's super effective! </small><small>The opposing <span class="battle-nickname-foe" title="Regirock">Regirock</span> lost 27% of its health!</small><br></div><div><small>The opposing <span class="battle-nickname-foe" title="Regirock">Regirock</span>'s Speed fell! </small></div><div class="spacer"></div><div>The opposing <span class="battle-nickname-foe" title="Regirock">Regirock</span> used <strong>Rest</strong>!</div><div><small>The opposing <span class="battle-nickname-foe" title="Regirock">Regirock</span> fell asleep!</small></div><div><small>The opposing <span class="battle-nickname-foe" title="Regirock">Regirock</span> slept and became healthy!</small></div><h2>Turn 27</h2><div class="spacer"></div><div><span class="battle-nickname" title="Entei">Entei</span> used <strong>Bulldoze</strong>!</div><div><small>It's super effective! </small><small>The opposing <span class="battle-nickname-foe" title="Regirock">Regirock</span> lost 27% of its health!</small><br></div><div><small>The opposing <span class="battle-nickname-foe" title="Regirock">Regirock</span>'s Speed fell! </small></div><div class="spacer"></div><div>The opposing <span class="battle-nickname-foe" title="Regirock">Regirock</span> is fast asleep.</div><h2>Turn 28</h2><div class="spacer"></div><div><span class="battle-nickname" title="Entei">Entei</span> used <strong>Bulldoze</strong>!</div><div><small>It's super effective! </small><small>The opposing <span class="battle-nickname-foe" title="Regirock">Regirock</span> lost 28% of its health!</small><br></div><div><small>The opposing <span class="battle-nickname-foe" title="Regirock">Regirock</span>'s Speed fell! </small></div><div class="spacer"></div><div>The opposing <span class="battle-nickname-foe" title="Regirock">Regirock</span> is fast asleep.</div><h2>Turn 29</h2><div class="chat chatmessage-sebhz"><strong style="color:hsl(99,74%,33%);"><small>☆</small><span class="username" data-name="Sebh_z">Sebh_z</span>:</strong> <em>gg</em></div><div class="spacer"></div><div><span class="battle-nickname" title="Entei">Entei</span> used <strong>Bulldoze</strong>!</div><div><small>It's super effective! </small><small>The opposing <span class="battle-nickname-foe" title="Regirock">Regirock</span> lost 27% of its health!</small><br></div><div><small>The opposing <span class="battle-nickname-foe" title="Regirock">Regirock</span>'s Speed fell! </small></div><div><small>The opposing <span class="battle-nickname-foe" title="Regirock">Regirock</span> woke up!</small></div><div class="spacer"></div><div>The opposing <span class="battle-nickname-foe" title="Regirock">Regirock</span> used <strong>Stone Edge</strong>!</div><div><small><span class="battle-nickname" title="Entei">Entei</span> avoided the attack!</small></div><h2>Turn 30</h2><div class="spacer"></div><div><span class="battle-nickname" title="Entei">Entei</span> used <strong>Bulldoze</strong>!</div><div><small>It's super effective! </small><small>The opposing <span class="battle-nickname-foe" title="Regirock">Regirock</span> lost 18% of its health!</small><br></div><div class="spacer"></div><div>The opposing <span class="battle-nickname-foe" title="Regirock">Regirock</span> fainted!</div><div class="spacer"></div><div>Sebh_z won the battle!</div></div></div>
</div>
<script>
var daily = Math.floor(Date.now()/1000/60/60/24);document.write('<script src="https://play.pokemonshowdown.com/js/replay-embed.js?version'+daily+'"></'+'script>');
</script>
