<!DOCTYPE html>
<meta charset="utf-8" />
<!-- version 1 -->
<title>[Gen 7] Random Battle replay: matteoaricci vs. yeezi</title>
<style>
html,body {font-family:Verdana, sans-serif;font-size:10pt;margin:0;padding:0;}body{padding:12px 0;} .battle-log {font-family:Verdana, sans-serif;font-size:10pt;} .battle-log-inline {border:1px solid #AAAAAA;background:#EEF2F5;color:black;max-width:640px;margin:0 auto 80px;padding-bottom:5px;} .battle-log .inner {padding:4px 8px 0px 8px;} .battle-log .inner-preempt {padding:0 8px 4px 8px;} .battle-log .inner-after {margin-top:0.5em;} .battle-log h2 {margin:0.5em -8px;padding:4px 8px;border:1px solid #AAAAAA;background:#E0E7EA;border-left:0;border-right:0;font-family:Verdana, sans-serif;font-size:13pt;} .battle-log .chat {vertical-align:middle;padding:3px 0 3px 0;font-size:8pt;} .battle-log .chat strong {color:#40576A;} .battle-log .chat em {padding:1px 4px 1px 3px;color:#000000;font-style:normal;} .chat.mine {background:rgba(0,0,0,0.05);margin-left:-8px;margin-right:-8px;padding-left:8px;padding-right:8px;} .spoiler {color:#BBBBBB;background:#BBBBBB;padding:0px 3px;} .spoiler:hover, .spoiler:active, .spoiler-shown {color:#000000;background:#E2E2E2;padding:0px 3px;} .spoiler a {color:#BBBBBB;} .spoiler:hover a, .spoiler:active a, .spoiler-shown a {color:#2288CC;} .chat code, .chat .spoiler:hover code, .chat .spoiler:active code, .chat .spoiler-shown code {border:1px solid #C0C0C0;background:#EEEEEE;color:black;padding:0 2px;} .chat .spoiler code {border:1px solid #CCCCCC;background:#CCCCCC;color:#CCCCCC;} .battle-log .rated {padding:3px 4px;} .battle-log .rated strong {color:white;background:#89A;padding:1px 4px;border-radius:4px;} .spacer {margin-top:0.5em;} .message-announce {background:#6688AA;color:white;padding:1px 4px 2px;} .message-announce a, .broadcast-green a, .broadcast-blue a, .broadcast-red a {color:#DDEEFF;} .broadcast-green {background-color:#559955;color:white;padding:2px 4px;} .broadcast-blue {background-color:#6688AA;color:white;padding:2px 4px;} .infobox {border:1px solid #6688AA;padding:2px 4px;} .infobox-limited {max-height:200px;overflow:auto;overflow-x:hidden;} .broadcast-red {background-color:#AA5544;color:white;padding:2px 4px;} .message-learn-canlearn {font-weight:bold;color:#228822;text-decoration:underline;} .message-learn-cannotlearn {font-weight:bold;color:#CC2222;text-decoration:underline;} .message-effect-weak {font-weight:bold;color:#CC2222;} .message-effect-resist {font-weight:bold;color:#6688AA;} .message-effect-immune {font-weight:bold;color:#666666;} .message-learn-list {margin-top:0;margin-bottom:0;} .message-throttle-notice, .message-error {color:#992222;} .message-overflow, .chat small.message-overflow {font-size:0pt;} .message-overflow::before {font-size:9pt;content:'...';} .subtle {color:#3A4A66;}
</style>
<div class="wrapper replay-wrapper" style="max-width:1180px;margin:0 auto">
<input type="hidden" name="replayid" value="gen7randombattle-566604739" />
<div class="battle"></div><div class="battle-log"></div><div class="replay-controls"></div><div class="replay-controls-2"></div>
<h1 style="font-weight:normal;text-align:center"><strong>[Gen 7] Random Battle</strong><br /><a href="http://pokemonshowdown.com/users/matteoaricci" class="subtle" target="_blank">matteoaricci</a> vs. <a href="http://pokemonshowdown.com/users/yeezi" class="subtle" target="_blank">yeezi</a></h1>
<script type="text/plain" class="battle-log-data">|j|matteoaricci
|j|yeezi
|player|p1|matteoaricci|70
|player|p2|yeezi|143
|gametype|singles
|gen|7
|tier|[Gen 7] Random Battle
|rated
|seed|20683,56931,25729,20710,44925,52421,29541,2270,65416,13522,5702,13113
|rule|Sleep Clause Mod: Limit one foe put to sleep
|rule|HP Percentage Mod: HP is shown in percentages
|
|start
|switch|p1a: Bouffalant|Bouffalant, L79, M|100\/100
|switch|p2a: Victreebel|Victreebel, L79, F|100\/100
|turn|1
|choice|move swordsdance|move sludgebomb
|
|move|p2a: Victreebel|Sludge Bomb|p1a: Bouffalant
|-crit|p1a: Bouffalant
|-damage|p1a: Bouffalant|57\/100
|move|p1a: Bouffalant|Swords Dance|p1a: Bouffalant
|-boost|p1a: Bouffalant|atk|2
|
|-heal|p1a: Bouffalant|63\/100|[from] item: Leftovers
|upkeep
|turn|2
|choice|move headcharge|switch 6
|
|switch|p2a: Aggron|Aggron, L75, M|100\/100
|move|p1a: Bouffalant|Head Charge|p2a: Aggron
|-resisted|p2a: Aggron
|-damage|p2a: Aggron|85\/100
|-damage|p1a: Bouffalant|60\/100|[from] recoil|[of] p2a: Aggron
|
|-heal|p1a: Bouffalant|66\/100|[from] item: Leftovers
|upkeep
|turn|3
|choice|move earthquake|move heavyslam mega
|
|detailschange|p2a: Aggron|Aggron-Mega, L75, M
|-mega|p2a: Aggron|Aggron|Aggronite
|move|p1a: Bouffalant|Earthquake|p2a: Aggron
|-supereffective|p2a: Aggron
|-damage|p2a: Aggron|40\/100
|move|p2a: Aggron|Heavy Slam|p1a: Bouffalant
|-damage|p1a: Bouffalant|22\/100
|
|-heal|p1a: Bouffalant|28\/100|[from] item: Leftovers
|upkeep
|turn|4
|choice|move earthquake|switch 4
|
|switch|p2a: Swoobat|Swoobat, L79, M|100\/100
|move|p1a: Bouffalant|Earthquake|p2a: Swoobat
|-immune|p2a: Swoobat|[msg]
|
|-heal|p1a: Bouffalant|34\/100|[from] item: Leftovers
|upkeep
|turn|5
|choice|move stoneedge|move airslash
|
|move|p2a: Swoobat|Air Slash|p1a: Bouffalant
|-damage|p1a: Bouffalant|12\/100
|move|p1a: Bouffalant|Stone Edge|p2a: Swoobat
|-supereffective|p2a: Swoobat
|-damage|p2a: Swoobat|0 fnt
|faint|p2a: Swoobat
|
|-heal|p1a: Bouffalant|18\/100|[from] item: Leftovers
|upkeep
|choice||switch 3
|
|switch|p2a: Groudon|Groudon, L73|100\/100
|-weather|SunnyDay|[from] ability: Drought|[of] p2a: Groudon
|turn|6
|choice|move headcharge|move precipiceblades
|
|move|p2a: Groudon|Precipice Blades|p1a: Bouffalant
|-damage|p1a: Bouffalant|0 fnt
|faint|p1a: Bouffalant
|
|-weather|SunnyDay|[upkeep]
|upkeep
|choice|switch 5|
|
|switch|p1a: Hippowdon|Hippowdon, L77, F|100\/100
|-weather|Sandstorm|[from] ability: Sand Stream|[of] p1a: Hippowdon
|turn|7
|choice|move toxic|move toxic
|
|move|p2a: Groudon|Toxic|p1a: Hippowdon
|-status|p1a: Hippowdon|tox
|move|p1a: Hippowdon|Toxic|p2a: Groudon
|-status|p2a: Groudon|tox
|
|-weather|Sandstorm|[upkeep]
|-damage|p2a: Groudon|94\/100 tox|[from] psn
|-damage|p1a: Hippowdon|94\/100 tox|[from] psn
|upkeep
|turn|8
|choice|move stealthrock|switch 4
|
|switch|p2a: Aggron|Aggron-Mega, L75, M|40\/100
|move|p1a: Hippowdon|Stealth Rock|p2a: Aggron
|-sidestart|p2: yeezi|move: Stealth Rock
|
|-weather|Sandstorm|[upkeep]
|-heal|p1a: Hippowdon|100\/100 tox|[from] item: Leftovers
|-damage|p1a: Hippowdon|88\/100 tox|[from] psn
|upkeep
|turn|9
|choice|move earthquake|move icepunch
|
|move|p2a: Aggron|Ice Punch|p1a: Hippowdon
|-supereffective|p1a: Hippowdon
|-damage|p1a: Hippowdon|55\/100 tox
|move|p1a: Hippowdon|Earthquake|p2a: Aggron
|-supereffective|p2a: Aggron
|-damage|p2a: Aggron|4\/100
|
|-weather|Sandstorm|[upkeep]
|-heal|p1a: Hippowdon|61\/100 tox|[from] item: Leftovers
|-damage|p1a: Hippowdon|42\/100 tox|[from] psn
|upkeep
|turn|10
|choice|switch 3|move icepunch
|
|switch|p1a: Sharpedo|Sharpedo, L77, F|100\/100
|move|p2a: Aggron|Ice Punch|p1a: Sharpedo
|-resisted|p1a: Sharpedo
|-damage|p1a: Sharpedo|78\/100
|
|-weather|Sandstorm|[upkeep]
|-damage|p1a: Sharpedo|72\/100|[from] sandstorm
|upkeep
|turn|11
|choice|move earthquake|move roar
|
|move|p1a: Sharpedo|Earthquake|p2a: Aggron
|-supereffective|p2a: Aggron
|-damage|p2a: Aggron|0 fnt
|faint|p2a: Aggron
|
|-weather|none
|-ability|p1a: Sharpedo|Speed Boost|boost
|-boost|p1a: Sharpedo|spe|1
|upkeep
|choice||switch 4
|
|switch|p2a: Groudon|Groudon, L73|94\/100 tox
|-damage|p2a: Groudon|88\/100 tox|[from] Stealth Rock
|-weather|SunnyDay|[from] ability: Drought|[of] p2a: Groudon
|turn|12
|choice|move protect|move toxic
|
|move|p1a: Sharpedo|Protect|p1a: Sharpedo
|-singleturn|p1a: Sharpedo|Protect
|move|p2a: Groudon|Toxic|p1a: Sharpedo
|-activate|p1a: Sharpedo|move: Protect
|
|-weather|SunnyDay|[upkeep]
|-heal|p2a: Groudon|94\/100 tox|[from] item: Leftovers
|-damage|p2a: Groudon|88\/100 tox|[from] psn
|-ability|p1a: Sharpedo|Speed Boost|boost
|-boost|p1a: Sharpedo|spe|1
|upkeep
|turn|13
|choice|move psychicfangs mega|move dragontail
|
|detailschange|p1a: Sharpedo|Sharpedo-Mega, L77, F
|-mega|p1a: Sharpedo|Sharpedo|Sharpedonite
|move|p1a: Sharpedo|Psychic Fangs|p2a: Groudon
|-damage|p2a: Groudon|57\/100 tox
|move|p2a: Groudon|Dragon Tail|p1a: Sharpedo
|-damage|p1a: Sharpedo|47\/100
|drag|p1a: Heatran|Heatran, L75, F|100\/100
|-item|p1a: Heatran|Air Balloon
|
|-weather|SunnyDay|[upkeep]
|-heal|p2a: Groudon|63\/100 tox|[from] item: Leftovers
|-damage|p2a: Groudon|51\/100 tox|[from] psn
|upkeep
|turn|14
|choice|move protect|move stealthrock
|
|move|p1a: Heatran|Protect|p1a: Heatran
|-singleturn|p1a: Heatran|Protect
|move|p2a: Groudon|Stealth Rock|p1a: Heatran
|-sidestart|p1: matteoaricci|move: Stealth Rock
|
|-weather|SunnyDay|[upkeep]
|-heal|p2a: Groudon|57\/100 tox|[from] item: Leftovers
|-damage|p2a: Groudon|39\/100 tox|[from] psn
|upkeep
|turn|15
|choice|move earthpower|move dragontail
|
|move|p1a: Heatran|Earth Power|p2a: Groudon
|-damage|p2a: Groudon|13\/100 tox
|move|p2a: Groudon|Dragon Tail|p1a: Heatran
|-resisted|p1a: Heatran
|-damage|p1a: Heatran|92\/100
|-enditem|p1a: Heatran|Air Balloon
|drag|p1a: Ho-Oh|Ho-Oh, L73|100\/100
|-damage|p1a: Ho-Oh|51\/100|[from] Stealth Rock
|
|-weather|SunnyDay|[upkeep]
|-heal|p2a: Groudon|19\/100 tox|[from] item: Leftovers
|-heal|p1a: Ho-Oh|57\/100|[from] item: Leftovers
|-damage|p2a: Groudon|0 fnt|[from] psn
|upkeep
|faint|p2a: Groudon
|choice||switch 6
|
|switch|p2a: Victreebel|Victreebel, L79, F|100\/100
|-damage|p2a: Victreebel|88\/100|[from] Stealth Rock
|turn|16
|choice|move sacredfire|move sludgebomb
|
|move|p2a: Victreebel|Sludge Bomb|p1a: Ho-Oh
|-damage|p1a: Ho-Oh|33\/100
|move|p1a: Ho-Oh|Sacred Fire|p2a: Victreebel
|-supereffective|p2a: Victreebel
|-damage|p2a: Victreebel|0 fnt
|faint|p2a: Victreebel
|
|-weather|none
|-heal|p1a: Ho-Oh|39\/100|[from] item: Leftovers
|upkeep
|choice||switch 2
|
|switch|p2a: Exeggutor|Exeggutor-Alola, L79, F|100\/100
|-damage|p2a: Exeggutor|88\/100|[from] Stealth Rock
|turn|17
|choice|move bravebird|move dracometeor
|
|move|p1a: Ho-Oh|Brave Bird|p2a: Exeggutor
|-supereffective|p2a: Exeggutor
|-damage|p2a: Exeggutor|0 fnt
|-damage|p1a: Ho-Oh|10\/100|[from] recoil|[of] p2a: Exeggutor
|faint|p2a: Exeggutor
|
|-heal|p1a: Ho-Oh|16\/100|[from] item: Leftovers
|upkeep
|choice||switch 5
|
|switch|p2a: Arceus|Arceus-Flying, L73|100\/100
|-damage|p2a: Arceus|76\/100|[from] Stealth Rock
|turn|18
|choice|move sacredfire|move judgment
|
|move|p2a: Arceus|Judgment|p1a: Ho-Oh
|-damage|p1a: Ho-Oh|0 fnt
|faint|p1a: Ho-Oh
|
|upkeep
|choice|switch 4|
|
|switch|p1a: Sharpedo|Sharpedo-Mega, L77, F|47\/100
|-damage|p1a: Sharpedo|34\/100|[from] Stealth Rock
|turn|19
|choice|move protect|move earthpower
|
|move|p1a: Sharpedo|Protect|p1a: Sharpedo
|-singleturn|p1a: Sharpedo|Protect
|move|p2a: Arceus|Earth Power|p1a: Sharpedo
|-activate|p1a: Sharpedo|move: Protect
|
|upkeep
|turn|20
|choice|move waterfall|move earthpower
|
|move|p2a: Arceus|Earth Power|p1a: Sharpedo
|-damage|p1a: Sharpedo|0 fnt
|faint|p1a: Sharpedo
|
|upkeep
|choice|switch 3|
|
|switch|p1a: Hippowdon|Hippowdon, L77, F|42\/100 tox
|-damage|p1a: Hippowdon|36\/100 tox|[from] Stealth Rock
|-weather|Sandstorm|[from] ability: Sand Stream|[of] p1a: Hippowdon
|turn|21
|choice|move toxic|move earthpower
|
|move|p2a: Arceus|Earth Power|p1a: Hippowdon
|-damage|p1a: Hippowdon|9\/100 tox
|move|p1a: Hippowdon|Toxic|p2a: Arceus|[miss]
|-miss|p1a: Hippowdon|p2a: Arceus
|
|-weather|Sandstorm|[upkeep]
|-damage|p2a: Arceus|70\/100|[from] sandstorm
|-heal|p1a: Hippowdon|15\/100 tox|[from] item: Leftovers
|-damage|p1a: Hippowdon|9\/100 tox|[from] psn
|upkeep
|turn|22
|choice|move toxic|move earthpower
|
|move|p2a: Arceus|Earth Power|p1a: Hippowdon
|-damage|p1a: Hippowdon|0 fnt
|faint|p1a: Hippowdon
|
|-weather|Sandstorm|[upkeep]
|-damage|p2a: Arceus|64\/100|[from] sandstorm
|upkeep
|choice|switch 6|
|
|switch|p1a: Dhelmise|Dhelmise, L79|100\/100
|-damage|p1a: Dhelmise|88\/100|[from] Stealth Rock
|turn|23
|choice|move phantomforce|move judgment
|
|move|p2a: Arceus|Judgment|p1a: Dhelmise
|-supereffective|p1a: Dhelmise
|-damage|p1a: Dhelmise|0 fnt
|faint|p1a: Dhelmise
|
|-weather|Sandstorm|[upkeep]
|-damage|p2a: Arceus|57\/100|[from] sandstorm
|upkeep
|choice|switch 2|
|
|switch|p1a: Heatran|Heatran, L75, F|92\/100
|-damage|p1a: Heatran|80\/100|[from] Stealth Rock
|turn|24
|choice|move fireblast|move earthpower
|
|move|p2a: Arceus|Earth Power|p1a: Heatran
|-supereffective|p1a: Heatran
|-damage|p1a: Heatran|0 fnt
|faint|p1a: Heatran
|
|win|yeezi
|raw|matteoaricci's rating: 1423 &rarr; <strong>1404<\/strong><br \/>(-19 for losing)
|raw|yeezi's rating: 1443 &rarr; <strong>1462<\/strong><br \/>(+19 for winning)
|l|matteoaricci</script>
</div>
<div class="battle-log battle-log-inline"><div class="inner"><div class="chat"><small>matteoaricci joined.</small></div><div class="chat"><small>yeezi joined.</small></div><div style="padding:5px 0"><small>Format:</small> <br><strong>[Gen 7] Random Battle</strong></div><div class="rated"><strong>Rated battle</strong></div><div><small><em>Sleep Clause Mod:</em> Limit one foe put to sleep</small></div><div><small><em>HP Percentage Mod:</em> HP is shown in percentages</small></div><div>Battle between matteoaricci and yeezi started!</div><div class="spacer"></div><div>Go! Bouffalant!</div><div class="spacer"></div><div>yeezi sent out Victreebel!</div><h2>Turn 1</h2><div class="spacer"></div><div>The opposing <span class="battle-nickname-foe" title="Victreebel">Victreebel</span> used <strong>Sludge Bomb</strong>!</div><div><small>A critical hit! </small><small><span class="battle-nickname" title="Bouffalant">Bouffalant</span> lost 43% of its health!</small><br></div><div class="spacer"></div><div><span class="battle-nickname" title="Bouffalant">Bouffalant</span> used <strong>Swords Dance</strong>!</div><div><small><span class="battle-nickname" title="Bouffalant">Bouffalant</span>'s Attack rose sharply! </small></div><div class="spacer"></div><div><small><span class="battle-nickname" title="Bouffalant">Bouffalant</span> restored a little HP using its Leftovers!</small></div><h2>Turn 2</h2><div class="spacer"></div><div>yeezi withdrew Victreebel!</div><div class="spacer"></div><div>yeezi sent out Aggron!</div><div class="spacer"></div><div><span class="battle-nickname" title="Bouffalant">Bouffalant</span> used <strong>Head Charge</strong>!</div><div><small>It's not very effective... </small><small>The opposing <span class="battle-nickname-foe" title="Aggron">Aggron</span> lost 15% of its health!</small><br></div><div><small><span class="battle-nickname" title="Bouffalant">Bouffalant</span> is damaged by the recoil!</small></div><div class="spacer"></div><div><small><span class="battle-nickname" title="Bouffalant">Bouffalant</span> restored a little HP using its Leftovers!</small></div><h2>Turn 3</h2><div class="spacer"></div><div><small>The opposing <span class="battle-nickname-foe" title="Aggron-Mega">Aggron</span>'s Aggronite is reacting to yeezi's Mega Bracelet!<br>The opposing <span class="battle-nickname-foe" title="Aggron-Mega">Aggron</span> has Mega Evolved into Mega Aggron!</small></div><div class="spacer"></div><div><span class="battle-nickname" title="Bouffalant">Bouffalant</span> used <strong>Earthquake</strong>!</div><div><small>It's super effective! </small><small>The opposing <span class="battle-nickname-foe" title="Aggron-Mega">Aggron</span> lost 45% of its health!</small><br></div><div class="spacer"></div><div>The opposing <span class="battle-nickname-foe" title="Aggron-Mega">Aggron</span> used <strong>Heavy Slam</strong>!</div><div><small><span class="battle-nickname" title="Bouffalant">Bouffalant</span> lost 44% of its health!</small><br></div><div class="spacer"></div><div><small><span class="battle-nickname" title="Bouffalant">Bouffalant</span> restored a little HP using its Leftovers!</small></div><h2>Turn 4</h2><div class="spacer"></div><div>yeezi withdrew <span class="battle-nickname-foe" title="Aggron-Mega">Aggron <small>(Aggron-Mega)</small></span>!</div><div class="spacer"></div><div>yeezi sent out Swoobat!</div><div class="spacer"></div><div><span class="battle-nickname" title="Bouffalant">Bouffalant</span> used <strong>Earthquake</strong>!</div><div><small>It doesn't affect the opposing <span class="battle-nickname-foe" title="Swoobat">Swoobat</span>... </small></div><div class="spacer"></div><div><small><span class="battle-nickname" title="Bouffalant">Bouffalant</span> restored a little HP using its Leftovers!</small></div><h2>Turn 5</h2><div class="spacer"></div><div>The opposing <span class="battle-nickname-foe" title="Swoobat">Swoobat</span> used <strong>Air Slash</strong>!</div><div><small><span class="battle-nickname" title="Bouffalant">Bouffalant</span> lost 22% of its health!</small><br></div><div class="spacer"></div><div><span class="battle-nickname" title="Bouffalant">Bouffalant</span> used <strong>Stone Edge</strong>!</div><div><small>It's super effective! </small><small>The opposing <span class="battle-nickname-foe" title="Swoobat">Swoobat</span> lost 100% of its health!</small><br></div><div class="spacer"></div><div>The opposing <span class="battle-nickname-foe" title="Swoobat">Swoobat</span> fainted!</div><div class="spacer"></div><div><small><span class="battle-nickname" title="Bouffalant">Bouffalant</span> restored a little HP using its Leftovers!</small></div><div class="spacer"></div><div>yeezi sent out Groudon!</div><div><small>[Opposing <span class="battle-nickname-foe" title="Groudon">Groudon</span>'s Drought!]</small></div><div><small>The sunlight turned harsh!</small></div><h2>Turn 6</h2><div class="spacer"></div><div>The opposing <span class="battle-nickname-foe" title="Groudon">Groudon</span> used <strong>Precipice Blades</strong>!</div><div><small><span class="battle-nickname" title="Bouffalant">Bouffalant</span> lost 18% of its health!</small><br></div><div class="spacer"></div><div><span class="battle-nickname" title="Bouffalant">Bouffalant</span> fainted!</div><div class="spacer"></div><div>Go! Hippowdon!</div><div><small>[<span class="battle-nickname" title="Hippowdon">Hippowdon</span>'s Sand Stream!]</small></div><div><small>A sandstorm kicked up!</small></div><h2>Turn 7</h2><div class="spacer"></div><div>The opposing <span class="battle-nickname-foe" title="Groudon">Groudon</span> used <strong>Toxic</strong>!</div><div><small><span class="battle-nickname" title="Hippowdon">Hippowdon</span> was badly poisoned!</small></div><div class="spacer"></div><div><span class="battle-nickname" title="Hippowdon">Hippowdon</span> used <strong>Toxic</strong>!</div><div><small>The opposing <span class="battle-nickname-foe" title="Groudon">Groudon</span> was badly poisoned!</small></div><div><small>The sandstorm is raging.</small></div><div class="spacer"></div><div><small>The opposing <span class="battle-nickname-foe" title="Groudon">Groudon</span> was hurt by poison!</small></div><div><small><span class="battle-nickname" title="Hippowdon">Hippowdon</span> was hurt by poison!</small></div><h2>Turn 8</h2><div class="spacer"></div><div>yeezi withdrew Groudon!</div><div class="spacer"></div><div>yeezi sent out <span class="battle-nickname-foe" title="Aggron-Mega">Aggron <small>(Aggron-Mega)</small></span>!</div><div class="spacer"></div><div><span class="battle-nickname" title="Hippowdon">Hippowdon</span> used <strong>Stealth Rock</strong>!</div><div><small>Pointed stones float in the air around the opposing team!</small></div><div><small>The sandstorm is raging.</small></div><div class="spacer"></div><div><small><span class="battle-nickname" title="Hippowdon">Hippowdon</span> restored a little HP using its Leftovers!</small></div><div><small><span class="battle-nickname" title="Hippowdon">Hippowdon</span> was hurt by poison!</small></div><h2>Turn 9</h2><div class="spacer"></div><div>The opposing <span class="battle-nickname-foe" title="Aggron-Mega">Aggron</span> used <strong>Ice Punch</strong>!</div><div><small>It's super effective! </small><small><span class="battle-nickname" title="Hippowdon">Hippowdon</span> lost 33% of its health!</small><br></div><div class="spacer"></div><div><span class="battle-nickname" title="Hippowdon">Hippowdon</span> used <strong>Earthquake</strong>!</div><div><small>It's super effective! </small><small>The opposing <span class="battle-nickname-foe" title="Aggron-Mega">Aggron</span> lost 36% of its health!</small><br></div><div><small>The sandstorm is raging.</small></div><div class="spacer"></div><div><small><span class="battle-nickname" title="Hippowdon">Hippowdon</span> restored a little HP using its Leftovers!</small></div><div><small><span class="battle-nickname" title="Hippowdon">Hippowdon</span> was hurt by poison!</small></div><h2>Turn 10</h2><div class="spacer"></div><div><span class="battle-nickname" title="Hippowdon">Hippowdon</span>, come back!</div><div class="spacer"></div><div>Go! Sharpedo!</div><div class="spacer"></div><div>The opposing <span class="battle-nickname-foe" title="Aggron-Mega">Aggron</span> used <strong>Ice Punch</strong>!</div><div><small>It's not very effective... </small><small><span class="battle-nickname" title="Sharpedo">Sharpedo</span> lost 22% of its health!</small><br></div><div><small>The sandstorm is raging.</small></div><div class="spacer"></div><div><small><span class="battle-nickname" title="Sharpedo">Sharpedo</span> is buffeted by the sandstorm!</small></div><h2>Turn 11</h2><div class="spacer"></div><div><span class="battle-nickname" title="Sharpedo">Sharpedo</span> used <strong>Earthquake</strong>!</div><div><small>It's super effective! </small><small>The opposing <span class="battle-nickname-foe" title="Aggron-Mega">Aggron</span> lost 4% of its health!</small><br></div><div class="spacer"></div><div>The opposing <span class="battle-nickname-foe" title="Aggron-Mega">Aggron</span> fainted!</div><div class="spacer"></div><div><small>The sandstorm subsided.</small></div><div><small>[<span class="battle-nickname" title="Sharpedo">Sharpedo</span>'s Speed Boost!]</small></div><div><small><span class="battle-nickname" title="Sharpedo">Sharpedo</span>'s Speed rose! </small></div><div class="spacer"></div><div>yeezi sent out Groudon!</div><div><small>Pointed stones dug into the opposing <span class="battle-nickname-foe" title="Groudon">Groudon</span>!</small></div><div><small>[Opposing <span class="battle-nickname-foe" title="Groudon">Groudon</span>'s Drought!]</small></div><div><small>The sunlight turned harsh!</small></div><h2>Turn 12</h2><div class="spacer"></div><div><span class="battle-nickname" title="Sharpedo">Sharpedo</span> used <strong>Protect</strong>!</div><div><small><span class="battle-nickname" title="Sharpedo">Sharpedo</span> protected itself!</small></div><div class="spacer"></div><div>The opposing <span class="battle-nickname-foe" title="Groudon">Groudon</span> used <strong>Toxic</strong>!</div><div><small><span class="battle-nickname" title="Sharpedo">Sharpedo</span> protected itself!</small></div><div class="spacer"></div><div><small>The opposing <span class="battle-nickname-foe" title="Groudon">Groudon</span> restored a little HP using its Leftovers!</small></div><div><small>The opposing <span class="battle-nickname-foe" title="Groudon">Groudon</span> was hurt by poison!</small></div><div><small>[<span class="battle-nickname" title="Sharpedo">Sharpedo</span>'s Speed Boost!]</small></div><div><small><span class="battle-nickname" title="Sharpedo">Sharpedo</span>'s Speed rose! </small></div><h2>Turn 13</h2><div class="spacer"></div><div><small><span class="battle-nickname" title="Sharpedo-Mega">Sharpedo</span>'s Sharpedonite is reacting to matteoaricci's Mega Bracelet!<br><span class="battle-nickname" title="Sharpedo-Mega">Sharpedo</span> has Mega Evolved into Mega Sharpedo!</small></div><div class="spacer"></div><div><span class="battle-nickname" title="Sharpedo-Mega">Sharpedo</span> used <strong>Psychic Fangs</strong>!</div><div><small>The opposing <span class="battle-nickname-foe" title="Groudon">Groudon</span> lost 31% of its health!</small><br></div><div class="spacer"></div><div>The opposing <span class="battle-nickname-foe" title="Groudon">Groudon</span> used <strong>Dragon Tail</strong>!</div><div><small><span class="battle-nickname" title="Sharpedo-Mega">Sharpedo</span> lost 25% of its health!</small><br></div><div class="spacer"></div><div>Heatran was dragged out!</div><div><small><span class="battle-nickname" title="Heatran">Heatran</span> floats in the air with its Air Balloon!</small></div><div class="spacer"></div><div><small>The opposing <span class="battle-nickname-foe" title="Groudon">Groudon</span> restored a little HP using its Leftovers!</small></div><div><small>The opposing <span class="battle-nickname-foe" title="Groudon">Groudon</span> was hurt by poison!</small></div><h2>Turn 14</h2><div class="spacer"></div><div><span class="battle-nickname" title="Heatran">Heatran</span> used <strong>Protect</strong>!</div><div><small><span class="battle-nickname" title="Heatran">Heatran</span> protected itself!</small></div><div class="spacer"></div><div>The opposing <span class="battle-nickname-foe" title="Groudon">Groudon</span> used <strong>Stealth Rock</strong>!</div><div><small>Pointed stones float in the air around your team!</small></div><div class="spacer"></div><div><small>The opposing <span class="battle-nickname-foe" title="Groudon">Groudon</span> restored a little HP using its Leftovers!</small></div><div><small>The opposing <span class="battle-nickname-foe" title="Groudon">Groudon</span> was hurt by poison!</small></div><h2>Turn 15</h2><div class="spacer"></div><div><span class="battle-nickname" title="Heatran">Heatran</span> used <strong>Earth Power</strong>!</div><div><small>The opposing <span class="battle-nickname-foe" title="Groudon">Groudon</span> lost 26% of its health!</small><br></div><div class="spacer"></div><div>The opposing <span class="battle-nickname-foe" title="Groudon">Groudon</span> used <strong>Dragon Tail</strong>!</div><div><small>It's not very effective... </small><small><span class="battle-nickname" title="Heatran">Heatran</span> lost 8% of its health!</small><br></div><div><small><span class="battle-nickname" title="Heatran">Heatran</span>'s Air Balloon popped!</small></div><div class="spacer"></div><div>Ho-Oh was dragged out!</div><div><small>Pointed stones dug into <span class="battle-nickname" title="Ho-Oh">Ho-Oh</span>!</small></div><div class="spacer"></div><div><small>The opposing <span class="battle-nickname-foe" title="Groudon">Groudon</span> restored a little HP using its Leftovers!</small></div><div><small><span class="battle-nickname" title="Ho-Oh">Ho-Oh</span> restored a little HP using its Leftovers!</small></div><div><small>The opposing <span class="battle-nickname-foe" title="Groudon">Groudon</span> was hurt by poison!</small></div><div class="spacer"></div><div>The opposing <span class="battle-nickname-foe" title="Groudon">Groudon</span> fainted!</div><div class="spacer"></div><div>yeezi sent out Victreebel!</div><div><small>Pointed stones dug into the opposing <span class="battle-nickname-foe" title="Victreebel">Victreebel</span>!</small></div><h2>Turn 16</h2><div class="spacer"></div><div>The opposing <span class="battle-nickname-foe" title="Victreebel">Victreebel</span> used <strong>Sludge Bomb</strong>!</div><div><small><span class="battle-nickname" title="Ho-Oh">Ho-Oh</span> lost 23% of its health!</small><br></div><div class="spacer"></div><div><span class="battle-nickname" title="Ho-Oh">Ho-Oh</span> used <strong>Sacred Fire</strong>!</div><div><small>It's super effective! </small><small>The opposing <span class="battle-nickname-foe" title="Victreebel">Victreebel</span> lost 88% of its health!</small><br></div><div class="spacer"></div><div>The opposing <span class="battle-nickname-foe" title="Victreebel">Victreebel</span> fainted!</div><div class="spacer"></div><div><small>The sunlight faded.</small></div><div><small><span class="battle-nickname" title="Ho-Oh">Ho-Oh</span> restored a little HP using its Leftovers!</small></div><div class="spacer"></div><div>yeezi sent out <span class="battle-nickname-foe" title="Exeggutor-Alola">Exeggutor <small>(Exeggutor-Alola)</small></span>!</div><div><small>Pointed stones dug into the opposing <span class="battle-nickname-foe" title="Exeggutor-Alola">Exeggutor</span>!</small></div><h2>Turn 17</h2><div class="spacer"></div><div><span class="battle-nickname" title="Ho-Oh">Ho-Oh</span> used <strong>Brave Bird</strong>!</div><div><small>It's super effective! </small><small>The opposing <span class="battle-nickname-foe" title="Exeggutor-Alola">Exeggutor</span> lost 88% of its health!</small><br></div><div><small><span class="battle-nickname" title="Ho-Oh">Ho-Oh</span> is damaged by the recoil!</small></div><div class="spacer"></div><div>The opposing <span class="battle-nickname-foe" title="Exeggutor-Alola">Exeggutor</span> fainted!</div><div class="spacer"></div><div><small><span class="battle-nickname" title="Ho-Oh">Ho-Oh</span> restored a little HP using its Leftovers!</small></div><div class="spacer"></div><div>yeezi sent out <span class="battle-nickname-foe" title="Arceus-Flying">Arceus <small>(Arceus-Flying)</small></span>!</div><div><small>Pointed stones dug into the opposing <span class="battle-nickname-foe" title="Arceus-Flying">Arceus</span>!</small></div><h2>Turn 18</h2><div class="spacer"></div><div>The opposing <span class="battle-nickname-foe" title="Arceus-Flying">Arceus</span> used <strong>Judgment</strong>!</div><div><small><span class="battle-nickname" title="Ho-Oh">Ho-Oh</span> lost 16% of its health!</small><br></div><div class="spacer"></div><div><span class="battle-nickname" title="Ho-Oh">Ho-Oh</span> fainted!</div><div class="spacer"></div><div>Go! <span class="battle-nickname" title="Sharpedo-Mega">Sharpedo <small>(Sharpedo-Mega)</small></span>!</div><div><small>Pointed stones dug into <span class="battle-nickname" title="Sharpedo-Mega">Sharpedo</span>!</small></div><h2>Turn 19</h2><div class="spacer"></div><div><span class="battle-nickname" title="Sharpedo-Mega">Sharpedo</span> used <strong>Protect</strong>!</div><div><small><span class="battle-nickname" title="Sharpedo-Mega">Sharpedo</span> protected itself!</small></div><div class="spacer"></div><div>The opposing <span class="battle-nickname-foe" title="Arceus-Flying">Arceus</span> used <strong>Earth Power</strong>!</div><div><small><span class="battle-nickname" title="Sharpedo-Mega">Sharpedo</span> protected itself!</small></div><h2>Turn 20</h2><div class="spacer"></div><div>The opposing <span class="battle-nickname-foe" title="Arceus-Flying">Arceus</span> used <strong>Earth Power</strong>!</div><div><small><span class="battle-nickname" title="Sharpedo-Mega">Sharpedo</span> lost 34% of its health!</small><br></div><div class="spacer"></div><div><span class="battle-nickname" title="Sharpedo-Mega">Sharpedo</span> fainted!</div><div class="spacer"></div><div>Go! Hippowdon!</div><div><small>Pointed stones dug into <span class="battle-nickname" title="Hippowdon">Hippowdon</span>!</small></div><div><small>[<span class="battle-nickname" title="Hippowdon">Hippowdon</span>'s Sand Stream!]</small></div><div><small>A sandstorm kicked up!</small></div><h2>Turn 21</h2><div class="spacer"></div><div>The opposing <span class="battle-nickname-foe" title="Arceus-Flying">Arceus</span> used <strong>Earth Power</strong>!</div><div><small><span class="battle-nickname" title="Hippowdon">Hippowdon</span> lost 27% of its health!</small><br></div><div class="spacer"></div><div><span class="battle-nickname" title="Hippowdon">Hippowdon</span> used <strong>Toxic</strong>!</div><div><small>The opposing <span class="battle-nickname-foe" title="Arceus-Flying">Arceus</span> avoided the attack!</small></div><div><small>The sandstorm is raging.</small></div><div class="spacer"></div><div><small>The opposing <span class="battle-nickname-foe" title="Arceus-Flying">Arceus</span> is buffeted by the sandstorm!</small></div><div><small><span class="battle-nickname" title="Hippowdon">Hippowdon</span> restored a little HP using its Leftovers!</small></div><div><small><span class="battle-nickname" title="Hippowdon">Hippowdon</span> was hurt by poison!</small></div><h2>Turn 22</h2><div class="spacer"></div><div>The opposing <span class="battle-nickname-foe" title="Arceus-Flying">Arceus</span> used <strong>Earth Power</strong>!</div><div><small><span class="battle-nickname" title="Hippowdon">Hippowdon</span> lost 9% of its health!</small><br></div><div class="spacer"></div><div><span class="battle-nickname" title="Hippowdon">Hippowdon</span> fainted!</div><div><small>The sandstorm is raging.</small></div><div class="spacer"></div><div><small>The opposing <span class="battle-nickname-foe" title="Arceus-Flying">Arceus</span> is buffeted by the sandstorm!</small></div><div class="spacer"></div><div>Go! Dhelmise!</div><div><small>Pointed stones dug into <span class="battle-nickname" title="Dhelmise">Dhelmise</span>!</small></div><h2>Turn 23</h2><div class="spacer"></div><div>The opposing <span class="battle-nickname-foe" title="Arceus-Flying">Arceus</span> used <strong>Judgment</strong>!</div><div><small>It's super effective! </small><small><span class="battle-nickname" title="Dhelmise">Dhelmise</span> lost 88% of its health!</small><br></div><div class="spacer"></div><div><span class="battle-nickname" title="Dhelmise">Dhelmise</span> fainted!</div><div><small>The sandstorm is raging.</small></div><div class="spacer"></div><div><small>The opposing <span class="battle-nickname-foe" title="Arceus-Flying">Arceus</span> is buffeted by the sandstorm!</small></div><div class="spacer"></div><div>Go! Heatran!</div><div><small>Pointed stones dug into <span class="battle-nickname" title="Heatran">Heatran</span>!</small></div><h2>Turn 24</h2><div class="spacer"></div><div>The opposing <span class="battle-nickname-foe" title="Arceus-Flying">Arceus</span> used <strong>Earth Power</strong>!</div><div><small>It's super effective! </small><small><span class="battle-nickname" title="Heatran">Heatran</span> lost 80% of its health!</small><br></div><div class="spacer"></div><div><span class="battle-nickname" title="Heatran">Heatran</span> fainted!</div><div class="spacer"></div><div>yeezi won the battle!</div><div class="chat">matteoaricci's rating: 1423 → <strong>1404</strong><br>(-19 for losing)</div><div class="chat">yeezi's rating: 1443 → <strong>1462</strong><br>(+19 for winning)</div><div class="chat"><small>matteoaricci left.</small></div></div></div>
</div>
<script>
var daily = Math.floor(Date.now()/1000/60/60/24);document.write('<script src="https://play.pokemonshowdown.com/js/replay-embed.js?version'+daily+'"></'+'script>');
</script>
