<!DOCTYPE html>
<meta charset="utf-8" />
<!-- version 1 -->
<title>[Gen 7] Random Battle replay: Hellvis vs. CalagrianKnight</title>
<style>
html,body {font-family:Verdana, sans-serif;font-size:10pt;margin:0;padding:0;}body{padding:12px 0;} .battle-log {font-family:Verdana, sans-serif;font-size:10pt;} .battle-log-inline {border:1px solid #AAAAAA;background:#EEF2F5;color:black;max-width:640px;margin:0 auto 80px;padding-bottom:5px;} .battle-log .inner {padding:4px 8px 0px 8px;} .battle-log .inner-preempt {padding:0 8px 4px 8px;} .battle-log .inner-after {margin-top:0.5em;} .battle-log h2 {margin:0.5em -8px;padding:4px 8px;border:1px solid #AAAAAA;background:#E0E7EA;border-left:0;border-right:0;font-family:Verdana, sans-serif;font-size:13pt;} .battle-log .chat {vertical-align:middle;padding:3px 0 3px 0;font-size:8pt;} .battle-log .chat strong {color:#40576A;} .battle-log .chat em {padding:1px 4px 1px 3px;color:#000000;font-style:normal;} .chat.mine {background:rgba(0,0,0,0.05);margin-left:-8px;margin-right:-8px;padding-left:8px;padding-right:8px;} .spoiler {color:#BBBBBB;background:#BBBBBB;padding:0px 3px;} .spoiler:hover, .spoiler:active, .spoiler-shown {color:#000000;background:#E2E2E2;padding:0px 3px;} .spoiler a {color:#BBBBBB;} .spoiler:hover a, .spoiler:active a, .spoiler-shown a {color:#2288CC;} .chat code, .chat .spoiler:hover code, .chat .spoiler:active code, .chat .spoiler-shown code {border:1px solid #C0C0C0;background:#EEEEEE;color:black;padding:0 2px;} .chat .spoiler code {border:1px solid #CCCCCC;background:#CCCCCC;color:#CCCCCC;} .battle-log .rated {padding:3px 4px;} .battle-log .rated strong {color:white;background:#89A;padding:1px 4px;border-radius:4px;} .spacer {margin-top:0.5em;} .message-announce {background:#6688AA;color:white;padding:1px 4px 2px;} .message-announce a, .broadcast-green a, .broadcast-blue a, .broadcast-red a {color:#DDEEFF;} .broadcast-green {background-color:#559955;color:white;padding:2px 4px;} .broadcast-blue {background-color:#6688AA;color:white;padding:2px 4px;} .infobox {border:1px solid #6688AA;padding:2px 4px;} .infobox-limited {max-height:200px;overflow:auto;overflow-x:hidden;} .broadcast-red {background-color:#AA5544;color:white;padding:2px 4px;} .message-learn-canlearn {font-weight:bold;color:#228822;text-decoration:underline;} .message-learn-cannotlearn {font-weight:bold;color:#CC2222;text-decoration:underline;} .message-effect-weak {font-weight:bold;color:#CC2222;} .message-effect-resist {font-weight:bold;color:#6688AA;} .message-effect-immune {font-weight:bold;color:#666666;} .message-learn-list {margin-top:0;margin-bottom:0;} .message-throttle-notice, .message-error {color:#992222;} .message-overflow, .chat small.message-overflow {font-size:0pt;} .message-overflow::before {font-size:9pt;content:'...';} .subtle {color:#3A4A66;}
</style>
<div class="wrapper replay-wrapper" style="max-width:1180px;margin:0 auto">
<input type="hidden" name="replayid" value="gen7randombattle-566946419" />
<div class="battle"></div><div class="battle-log"></div><div class="replay-controls"></div><div class="replay-controls-2"></div>
<h1 style="font-weight:normal;text-align:center"><strong>[Gen 7] Random Battle</strong><br /><a href="http://pokemonshowdown.com/users/hellvis" class="subtle" target="_blank">Hellvis</a> vs. <a href="http://pokemonshowdown.com/users/calagrianknight" class="subtle" target="_blank">CalagrianKnight</a></h1>
<script type="text/plain" class="battle-log-data">|j|Hellvis
|j|CalagrianKnight
|player|p1|Hellvis|101
|player|p2|CalagrianKnight|124
|gametype|singles
|gen|7
|tier|[Gen 7] Random Battle
|rated
|seed|50228,2309,9803,43664,36780,10950,43420,31790,34149,34304,31565,5564
|rule|Sleep Clause Mod: Limit one foe put to sleep
|rule|HP Percentage Mod: HP is shown in percentages
|
|start
|switch|p1a: Dunsparce|Dunsparce, L79, F|100\/100
|switch|p2a: Vespiquen|Vespiquen, L79, F|100\/100
|-ability|p2a: Vespiquen|Pressure
|turn|1
|choice|move rockslide|move defendorder
|
|move|p1a: Dunsparce|Rock Slide|p2a: Vespiquen
|-supereffective|p2a: Vespiquen
|-damage|p2a: Vespiquen|22\/100
|-damage|p1a: Dunsparce|91\/100|[from] item: Life Orb
|cant|p2a: Vespiquen|flinch
|
|-heal|p2a: Vespiquen|28\/100|[from] item: Leftovers
|upkeep
|turn|2
|choice|move headbutt|switch 5
|
|switch|p2a: Medicham|Medicham, L79, F|100\/100
|move|p1a: Dunsparce|Headbutt|p2a: Medicham
|-damage|p2a: Medicham|66\/100
|-damage|p1a: Dunsparce|81\/100|[from] item: Life Orb
|
|upkeep
|turn|3
|choice|switch 2|move highjumpkick
|
|switch|p1a: Gengar|Gengar, L73, F|100\/100
|move|p2a: Medicham|High Jump Kick|p1a: Gengar
|-immune|p1a: Gengar|[msg]
|-damage|p2a: Medicham|16\/100|[from] highjumpkick
|
|upkeep
|turn|4
|choice|move shadowball|switch 6
|
|switch|p2a: Tyranitar|Tyranitar, L75, M|100\/100
|-weather|Sandstorm|[from] ability: Sand Stream|[of] p2a: Tyranitar
|move|p1a: Gengar|Shadow Ball|p2a: Tyranitar
|-resisted|p2a: Tyranitar
|-crit|p2a: Tyranitar
|-damage|p2a: Tyranitar|86\/100
|-unboost|p2a: Tyranitar|spd|1
|
|-weather|Sandstorm|[upkeep]
|-damage|p1a: Gengar|94\/100|[from] sandstorm
|-heal|p2a: Tyranitar|92\/100|[from] item: Leftovers
|upkeep
|turn|5
|choice|switch 2|move stoneedge
|
|switch|p1a: Dunsparce|Dunsparce, L79, F|81\/100
|move|p2a: Tyranitar|Stone Edge|p1a: Dunsparce
|-damage|p1a: Dunsparce|31\/100
|
|-weather|Sandstorm|[upkeep]
|-damage|p1a: Dunsparce|24\/100|[from] sandstorm
|-heal|p2a: Tyranitar|99\/100|[from] item: Leftovers
|upkeep
|turn|6
|choice|move roost|move stoneedge
|
|move|p2a: Tyranitar|Stone Edge|p1a: Dunsparce
|-damage|p1a: Dunsparce|0 fnt
|faint|p1a: Dunsparce
|
|-weather|Sandstorm|[upkeep]
|-heal|p2a: Tyranitar|100\/100|[from] item: Leftovers
|upkeep
|choice|switch 3|
|
|switch|p1a: Wishiwashi|Wishiwashi, L79, F|100\/100
|-formechange|p1a: Wishiwashi|Wishiwashi-School|[from] ability: Schooling
|turn|7
|choice|move scald|switch 4
|
|switch|p2a: Latias|Latias, L75, F|100\/100
|move|p1a: Wishiwashi|Scald|p2a: Latias
|-resisted|p2a: Latias
|-crit|p2a: Latias
|-damage|p2a: Latias|73\/100
|
|-weather|Sandstorm|[upkeep]
|-damage|p2a: Latias|67\/100|[from] sandstorm
|-damage|p1a: Wishiwashi|95\/100|[from] sandstorm
|upkeep
|turn|8
|choice|move icebeam|move calmmind mega
|
|detailschange|p2a: Latias|Latias-Mega, L75, F
|-mega|p2a: Latias|Latias|Latiasite
|move|p2a: Latias|Calm Mind|p2a: Latias
|-boost|p2a: Latias|spa|1
|-boost|p2a: Latias|spd|1
|move|p1a: Wishiwashi|Ice Beam|p2a: Latias
|-supereffective|p2a: Latias
|-damage|p2a: Latias|28\/100
|
|-weather|none
|upkeep
|turn|9
|choice|move icebeam|move roost
|
|move|p2a: Latias|Roost|p2a: Latias
|-heal|p2a: Latias|78\/100
|move|p1a: Wishiwashi|Ice Beam|p2a: Latias
|-supereffective|p2a: Latias
|-damage|p2a: Latias|44\/100
|
|upkeep
|turn|10
|choice|move icebeam|move roost
|
|move|p2a: Latias|Roost|p2a: Latias
|-heal|p2a: Latias|94\/100
|move|p1a: Wishiwashi|Ice Beam|p2a: Latias
|-supereffective|p2a: Latias
|-damage|p2a: Latias|57\/100
|
|upkeep
|turn|11
|choice|move icebeam|move calmmind
|
|move|p2a: Latias|Calm Mind|p2a: Latias
|-boost|p2a: Latias|spa|1
|-boost|p2a: Latias|spd|1
|move|p1a: Wishiwashi|Ice Beam|p2a: Latias
|-supereffective|p2a: Latias
|-damage|p2a: Latias|28\/100
|
|upkeep
|turn|12
|choice|move icebeam|move roost
|
|move|p2a: Latias|Roost|p2a: Latias
|-heal|p2a: Latias|78\/100
|move|p1a: Wishiwashi|Ice Beam|p2a: Latias
|-supereffective|p2a: Latias
|-damage|p2a: Latias|52\/100
|
|upkeep
|turn|13
|choice|move icebeam|move roost
|
|move|p2a: Latias|Roost|p2a: Latias
|-heal|p2a: Latias|100\/100
|move|p1a: Wishiwashi|Ice Beam|p2a: Latias
|-supereffective|p2a: Latias
|-damage|p2a: Latias|74\/100
|
|upkeep
|turn|14
|choice|move scald|move calmmind
|
|move|p2a: Latias|Calm Mind|p2a: Latias
|-boost|p2a: Latias|spa|1
|-boost|p2a: Latias|spd|1
|move|p1a: Wishiwashi|Scald|p2a: Latias
|-resisted|p2a: Latias
|-damage|p2a: Latias|68\/100
|
|upkeep
|turn|15
|choice|move icebeam|move psyshock
|
|move|p2a: Latias|Psyshock|p1a: Wishiwashi
|-damage|p1a: Wishiwashi|3\/100
|move|p1a: Wishiwashi|Ice Beam|p2a: Latias
|-supereffective|p2a: Latias
|-damage|p2a: Latias|47\/100
|
|-formechange|p1a: Wishiwashi|Wishiwashi|[from] ability: Schooling
|upkeep
|turn|16
|choice|move icebeam|move roost
|
|move|p2a: Latias|Roost|p2a: Latias
|-heal|p2a: Latias|97\/100
|move|p1a: Wishiwashi|Ice Beam|p2a: Latias
|-supereffective|p2a: Latias
|-damage|p2a: Latias|89\/100
|
|upkeep
|turn|17
|choice|move icebeam|move psyshock
|
|move|p2a: Latias|Psyshock|p1a: Wishiwashi
|-damage|p1a: Wishiwashi|0 fnt
|faint|p1a: Wishiwashi
|
|upkeep
|choice|switch 2|
|
|switch|p1a: Gengar|Gengar, L73, F|94\/100
|turn|18
|choice|move destinybond mega|move psyshock
|
|detailschange|p1a: Gengar|Gengar-Mega, L73, F
|-mega|p1a: Gengar|Gengar|Gengarite
|move|p1a: Gengar|Destiny Bond|p1a: Gengar
|-singlemove|p1a: Gengar|Destiny Bond
|move|p2a: Latias|Psyshock|p1a: Gengar
|-supereffective|p1a: Gengar
|-damage|p1a: Gengar|0 fnt
|faint|p1a: Gengar
|-activate|p1a: Gengar|move: Destiny Bond
|faint|p2a: Latias
|
|upkeep
|choice|switch 5|switch 6
|
|switch|p2a: Medicham|Medicham, L79, F|16\/100
|switch|p1a: Beartic|Beartic, L79, M|100\/100
|turn|19
|choice|move aquajet|move highjumpkick
|
|move|p1a: Beartic|Aqua Jet|p2a: Medicham
|-damage|p2a: Medicham|0 fnt
|faint|p2a: Medicham
|
|upkeep
|choice||switch 3
|
|switch|p2a: Scrafty|Scrafty, L79, F|100\/100
|turn|20
|choice|move aquajet|move bulkup
|
|move|p1a: Beartic|Aqua Jet|p2a: Scrafty
|-damage|p2a: Scrafty|82\/100
|move|p2a: Scrafty|Bulk Up|p2a: Scrafty
|-boost|p2a: Scrafty|atk|1
|-boost|p2a: Scrafty|def|1
|
|-heal|p2a: Scrafty|88\/100|[from] item: Leftovers
|upkeep
|turn|21
|choice|move aquajet|move bulkup
|
|move|p1a: Beartic|Aqua Jet|p2a: Scrafty
|-damage|p2a: Scrafty|75\/100
|move|p2a: Scrafty|Bulk Up|p2a: Scrafty
|-boost|p2a: Scrafty|atk|1
|-boost|p2a: Scrafty|def|1
|
|-heal|p2a: Scrafty|81\/100|[from] item: Leftovers
|upkeep
|turn|22
|choice|switch 6|move bulkup
|
|switch|p1a: Thundurus|Thundurus, L76, M|100\/100
|move|p2a: Scrafty|Bulk Up|p2a: Scrafty
|-boost|p2a: Scrafty|atk|1
|-boost|p2a: Scrafty|def|1
|
|-heal|p2a: Scrafty|87\/100|[from] item: Leftovers
|upkeep
|turn|23
|choice|move focusblast|move knockoff
|
|move|p1a: Thundurus|Focus Blast|p2a: Scrafty
|-supereffective|p2a: Scrafty
|-damage|p2a: Scrafty|19\/100
|move|p2a: Scrafty|Knock Off|p1a: Thundurus
|-damage|p1a: Thundurus|0 fnt
|-enditem|p1a: Thundurus|Leftovers|[from] move: Knock Off|[of] p2a: Scrafty
|faint|p1a: Thundurus
|
|-heal|p2a: Scrafty|25\/100|[from] item: Leftovers
|upkeep
|choice|switch 4|
|
|switch|p1a: Salamence|Salamence, L75, M|100\/100
|-ability|p1a: Salamence|Intimidate|boost
|-unboost|p2a: Scrafty|atk|1
|turn|24
|choice|move dracometeor|move rest
|
|move|p1a: Salamence|Draco Meteor|p2a: Scrafty
|-damage|p2a: Scrafty|0 fnt
|-unboost|p1a: Salamence|spa|2
|-damage|p1a: Salamence|91\/100|[from] item: Life Orb
|faint|p2a: Scrafty
|
|upkeep
|choice||switch 4
|
|switch|p2a: Tyranitar|Tyranitar, L75, M|100\/100
|-weather|Sandstorm|[from] ability: Sand Stream|[of] p2a: Tyranitar
|turn|25
|choice|move earthquake|move stoneedge
|
|move|p1a: Salamence|Earthquake|p2a: Tyranitar
|-supereffective|p2a: Tyranitar
|-crit|p2a: Tyranitar
|-damage|p2a: Tyranitar|3\/100
|-damage|p1a: Salamence|81\/100|[from] item: Life Orb
|move|p2a: Tyranitar|Stone Edge|p1a: Salamence
|-supereffective|p1a: Salamence
|-damage|p1a: Salamence|0 fnt
|faint|p1a: Salamence
|
|-weather|Sandstorm|[upkeep]
|-heal|p2a: Tyranitar|9\/100|[from] item: Leftovers
|upkeep
|choice|switch 6|
|
|switch|p1a: Beartic|Beartic, L79, M|100\/100
|turn|26
|choice|move aquajet|move stoneedge
|
|move|p1a: Beartic|Aqua Jet|p2a: Tyranitar
|-supereffective|p2a: Tyranitar
|-damage|p2a: Tyranitar|0 fnt
|faint|p2a: Tyranitar
|
|-weather|Sandstorm|[upkeep]
|-damage|p1a: Beartic|94\/100|[from] sandstorm
|upkeep
|choice||switch 2
|
|switch|p2a: Carbink|Carbink, L79|100\/100
|turn|27
|choice|move aquajet|move reflect
|
|move|p1a: Beartic|Aqua Jet|p2a: Carbink
|-supereffective|p2a: Carbink
|-damage|p2a: Carbink|70\/100
|move|p2a: Carbink|Reflect|p2a: Carbink
|-sidestart|p2: CalagrianKnight|Reflect
|
|-weather|Sandstorm|[upkeep]
|-damage|p1a: Beartic|88\/100|[from] sandstorm
|upkeep
|turn|28
|choice|move aquajet|move moonblast
|
|move|p1a: Beartic|Aqua Jet|p2a: Carbink
|-supereffective|p2a: Carbink
|-damage|p2a: Carbink|55\/100
|move|p2a: Carbink|Moonblast|p1a: Beartic
|-damage|p1a: Beartic|66\/100
|-unboost|p1a: Beartic|spa|1
|
|-weather|Sandstorm|[upkeep]
|-damage|p1a: Beartic|60\/100|[from] sandstorm
|upkeep
|turn|29
|choice|move aquajet|move moonblast
|
|move|p1a: Beartic|Aqua Jet|p2a: Carbink
|-supereffective|p2a: Carbink
|-damage|p2a: Carbink|38\/100
|move|p2a: Carbink|Moonblast|p1a: Beartic
|-damage|p1a: Beartic|35\/100
|-unboost|p1a: Beartic|spa|1
|
|-weather|none
|upkeep
|turn|30
|choice|move aquajet|move explosion
|
|move|p1a: Beartic|Aqua Jet|p2a: Carbink
|-supereffective|p2a: Carbink
|-damage|p2a: Carbink|21\/100
|move|p2a: Carbink|Explosion|p1a: Beartic
|-damage|p1a: Beartic|0 fnt
|faint|p2a: Carbink
|faint|p1a: Beartic
|
|win|CalagrianKnight
|l|Hellvis
|raw|Hellvis's rating: 1494 &rarr; <strong>1467<\/strong><br \/>(-27 for losing)
|raw|CalagrianKnight's rating: 1365 &rarr; <strong>1392<\/strong><br \/>(+27 for winning)</script>
</div>
<div class="battle-log battle-log-inline"><div class="inner"><div class="chat"><small>Hellvis joined.</small></div><div class="chat"><small>CalagrianKnight joined.</small></div><div style="padding:5px 0"><small>Format:</small> <br><strong>[Gen 7] Random Battle</strong></div><div class="rated"><strong>Rated battle</strong></div><div><small><em>Sleep Clause Mod:</em> Limit one foe put to sleep</small></div><div><small><em>HP Percentage Mod:</em> HP is shown in percentages</small></div><div>Battle between Hellvis and CalagrianKnight started!</div><div class="spacer"></div><div>Go! Dunsparce!</div><div class="spacer"></div><div>CalagrianKnight sent out Vespiquen!</div><div><small>[Opposing <span class="battle-nickname-foe" title="Vespiquen">Vespiquen</span>'s Pressure!]</small></div><div><small>The opposing <span class="battle-nickname-foe" title="Vespiquen">Vespiquen</span> is exerting its pressure!</small></div><h2>Turn 1</h2><div class="spacer"></div><div><span class="battle-nickname" title="Dunsparce">Dunsparce</span> used <strong>Rock Slide</strong>!</div><div><small>It's super effective! </small><small>The opposing <span class="battle-nickname-foe" title="Vespiquen">Vespiquen</span> lost 78% of its health!</small><br></div><div><small><span class="battle-nickname" title="Dunsparce">Dunsparce</span> lost some of its HP!</small></div><div class="spacer"></div><div>The opposing <span class="battle-nickname-foe" title="Vespiquen">Vespiquen</span> flinched and couldn't move!</div><div class="spacer"></div><div><small>The opposing <span class="battle-nickname-foe" title="Vespiquen">Vespiquen</span> restored a little HP using its Leftovers!</small></div><h2>Turn 2</h2><div class="spacer"></div><div>CalagrianKnight withdrew Vespiquen!</div><div class="spacer"></div><div>CalagrianKnight sent out Medicham!</div><div class="spacer"></div><div><span class="battle-nickname" title="Dunsparce">Dunsparce</span> used <strong>Headbutt</strong>!</div><div><small>The opposing <span class="battle-nickname-foe" title="Medicham">Medicham</span> lost 34% of its health!</small><br></div><div><small><span class="battle-nickname" title="Dunsparce">Dunsparce</span> lost some of its HP!</small></div><h2>Turn 3</h2><div class="spacer"></div><div><span class="battle-nickname" title="Dunsparce">Dunsparce</span>, come back!</div><div class="spacer"></div><div>Go! Gengar!</div><div class="spacer"></div><div>The opposing <span class="battle-nickname-foe" title="Medicham">Medicham</span> used <strong>High Jump Kick</strong>!</div><div><small>It doesn't affect <span class="battle-nickname" title="Gengar">Gengar</span>... </small></div><div><small>The opposing <span class="battle-nickname-foe" title="Medicham">Medicham</span> kept going and crashed!</small></div><h2>Turn 4</h2><div class="spacer"></div><div>CalagrianKnight withdrew Medicham!</div><div class="spacer"></div><div>CalagrianKnight sent out Tyranitar!</div><div><small>[Opposing <span class="battle-nickname-foe" title="Tyranitar">Tyranitar</span>'s Sand Stream!]</small></div><div><small>A sandstorm kicked up!</small></div><div class="spacer"></div><div><span class="battle-nickname" title="Gengar">Gengar</span> used <strong>Shadow Ball</strong>!</div><div><small>It's not very effective... A critical hit! </small><small>The opposing <span class="battle-nickname-foe" title="Tyranitar">Tyranitar</span> lost 14% of its health!</small><br></div><div><small>The opposing <span class="battle-nickname-foe" title="Tyranitar">Tyranitar</span>'s Special Defense fell! </small></div><div><small>The sandstorm is raging.</small></div><div class="spacer"></div><div><small><span class="battle-nickname" title="Gengar">Gengar</span> is buffeted by the sandstorm!</small></div><div><small>The opposing <span class="battle-nickname-foe" title="Tyranitar">Tyranitar</span> restored a little HP using its Leftovers!</small></div><h2>Turn 5</h2><div class="spacer"></div><div><span class="battle-nickname" title="Gengar">Gengar</span>, come back!</div><div class="spacer"></div><div>Go! Dunsparce!</div><div class="spacer"></div><div>The opposing <span class="battle-nickname-foe" title="Tyranitar">Tyranitar</span> used <strong>Stone Edge</strong>!</div><div><small><span class="battle-nickname" title="Dunsparce">Dunsparce</span> lost 50% of its health!</small><br></div><div><small>The sandstorm is raging.</small></div><div class="spacer"></div><div><small><span class="battle-nickname" title="Dunsparce">Dunsparce</span> is buffeted by the sandstorm!</small></div><div><small>The opposing <span class="battle-nickname-foe" title="Tyranitar">Tyranitar</span> restored a little HP using its Leftovers!</small></div><h2>Turn 6</h2><div class="spacer"></div><div>The opposing <span class="battle-nickname-foe" title="Tyranitar">Tyranitar</span> used <strong>Stone Edge</strong>!</div><div><small><span class="battle-nickname" title="Dunsparce">Dunsparce</span> lost 24% of its health!</small><br></div><div class="spacer"></div><div><span class="battle-nickname" title="Dunsparce">Dunsparce</span> fainted!</div><div><small>The sandstorm is raging.</small></div><div class="spacer"></div><div><small>The opposing <span class="battle-nickname-foe" title="Tyranitar">Tyranitar</span> restored a little HP using its Leftovers!</small></div><div class="spacer"></div><div>Go! Wishiwashi!</div><div><small>[<span class="battle-nickname" title="Wishiwashi">Wishiwashi</span>'s Schooling!]</small></div><div><small><span class="battle-nickname" title="Wishiwashi">Wishiwashi</span> formed a school!</small></div><h2>Turn 7</h2><div class="spacer"></div><div>CalagrianKnight withdrew Tyranitar!</div><div class="spacer"></div><div>CalagrianKnight sent out Latias!</div><div class="spacer"></div><div><span class="battle-nickname" title="Wishiwashi">Wishiwashi</span> used <strong>Scald</strong>!</div><div><small>It's not very effective... A critical hit! </small><small>The opposing <span class="battle-nickname-foe" title="Latias">Latias</span> lost 27% of its health!</small><br></div><div><small>The sandstorm is raging.</small></div><div class="spacer"></div><div><small>The opposing <span class="battle-nickname-foe" title="Latias">Latias</span> is buffeted by the sandstorm!</small></div><div><small><span class="battle-nickname" title="Wishiwashi">Wishiwashi</span> is buffeted by the sandstorm!</small></div><h2>Turn 8</h2><div class="spacer"></div><div><small>The opposing <span class="battle-nickname-foe" title="Latias-Mega">Latias</span>'s Latiasite is reacting to CalagrianKnight's Mega Bracelet!<br>The opposing <span class="battle-nickname-foe" title="Latias-Mega">Latias</span> has Mega Evolved into Mega Latias!</small></div><div class="spacer"></div><div>The opposing <span class="battle-nickname-foe" title="Latias-Mega">Latias</span> used <strong>Calm Mind</strong>!</div><div><small>The opposing <span class="battle-nickname-foe" title="Latias-Mega">Latias</span>'s Special Attack rose! The opposing <span class="battle-nickname-foe" title="Latias-Mega">Latias</span>'s Special Defense rose! </small></div><div class="spacer"></div><div><span class="battle-nickname" title="Wishiwashi">Wishiwashi</span> used <strong>Ice Beam</strong>!</div><div><small>It's super effective! </small><small>The opposing <span class="battle-nickname-foe" title="Latias-Mega">Latias</span> lost 39% of its health!</small><br></div><div class="spacer"></div><div><small>The sandstorm subsided.</small></div><h2>Turn 9</h2><div class="spacer"></div><div>The opposing <span class="battle-nickname-foe" title="Latias-Mega">Latias</span> used <strong>Roost</strong>!</div><div><small>The opposing <span class="battle-nickname-foe" title="Latias-Mega">Latias</span> restored its HP.</small></div><div class="spacer"></div><div><span class="battle-nickname" title="Wishiwashi">Wishiwashi</span> used <strong>Ice Beam</strong>!</div><div><small>It's super effective! </small><small>The opposing <span class="battle-nickname-foe" title="Latias-Mega">Latias</span> lost 34% of its health!</small><br></div><h2>Turn 10</h2><div class="spacer"></div><div>The opposing <span class="battle-nickname-foe" title="Latias-Mega">Latias</span> used <strong>Roost</strong>!</div><div><small>The opposing <span class="battle-nickname-foe" title="Latias-Mega">Latias</span> restored its HP.</small></div><div class="spacer"></div><div><span class="battle-nickname" title="Wishiwashi">Wishiwashi</span> used <strong>Ice Beam</strong>!</div><div><small>It's super effective! </small><small>The opposing <span class="battle-nickname-foe" title="Latias-Mega">Latias</span> lost 37% of its health!</small><br></div><h2>Turn 11</h2><div class="spacer"></div><div>The opposing <span class="battle-nickname-foe" title="Latias-Mega">Latias</span> used <strong>Calm Mind</strong>!</div><div><small>The opposing <span class="battle-nickname-foe" title="Latias-Mega">Latias</span>'s Special Attack rose! The opposing <span class="battle-nickname-foe" title="Latias-Mega">Latias</span>'s Special Defense rose! </small></div><div class="spacer"></div><div><span class="battle-nickname" title="Wishiwashi">Wishiwashi</span> used <strong>Ice Beam</strong>!</div><div><small>It's super effective! </small><small>The opposing <span class="battle-nickname-foe" title="Latias-Mega">Latias</span> lost 28% of its health!</small><br></div><h2>Turn 12</h2><div class="spacer"></div><div>The opposing <span class="battle-nickname-foe" title="Latias-Mega">Latias</span> used <strong>Roost</strong>!</div><div><small>The opposing <span class="battle-nickname-foe" title="Latias-Mega">Latias</span> restored its HP.</small></div><div class="spacer"></div><div><span class="battle-nickname" title="Wishiwashi">Wishiwashi</span> used <strong>Ice Beam</strong>!</div><div><small>It's super effective! </small><small>The opposing <span class="battle-nickname-foe" title="Latias-Mega">Latias</span> lost 26% of its health!</small><br></div><h2>Turn 13</h2><div class="spacer"></div><div>The opposing <span class="battle-nickname-foe" title="Latias-Mega">Latias</span> used <strong>Roost</strong>!</div><div><small>The opposing <span class="battle-nickname-foe" title="Latias-Mega">Latias</span> restored its HP.</small></div><div class="spacer"></div><div><span class="battle-nickname" title="Wishiwashi">Wishiwashi</span> used <strong>Ice Beam</strong>!</div><div><small>It's super effective! </small><small>The opposing <span class="battle-nickname-foe" title="Latias-Mega">Latias</span> lost 26% of its health!</small><br></div><h2>Turn 14</h2><div class="spacer"></div><div>The opposing <span class="battle-nickname-foe" title="Latias-Mega">Latias</span> used <strong>Calm Mind</strong>!</div><div><small>The opposing <span class="battle-nickname-foe" title="Latias-Mega">Latias</span>'s Special Attack rose! The opposing <span class="battle-nickname-foe" title="Latias-Mega">Latias</span>'s Special Defense rose! </small></div><div class="spacer"></div><div><span class="battle-nickname" title="Wishiwashi">Wishiwashi</span> used <strong>Scald</strong>!</div><div><small>It's not very effective... </small><small>The opposing <span class="battle-nickname-foe" title="Latias-Mega">Latias</span> lost 6% of its health!</small><br></div><h2>Turn 15</h2><div class="spacer"></div><div>The opposing <span class="battle-nickname-foe" title="Latias-Mega">Latias</span> used <strong>Psyshock</strong>!</div><div><small><span class="battle-nickname" title="Wishiwashi">Wishiwashi</span> lost 92% of its health!</small><br></div><div class="spacer"></div><div><span class="battle-nickname" title="Wishiwashi">Wishiwashi</span> used <strong>Ice Beam</strong>!</div><div><small>It's super effective! </small><small>The opposing <span class="battle-nickname-foe" title="Latias-Mega">Latias</span> lost 21% of its health!</small><br></div><div><small>[<span class="battle-nickname" title="Wishiwashi">Wishiwashi</span>'s Schooling!]</small></div><div><small><span class="battle-nickname" title="Wishiwashi">Wishiwashi</span> stopped schooling!</small></div><h2>Turn 16</h2><div class="spacer"></div><div>The opposing <span class="battle-nickname-foe" title="Latias-Mega">Latias</span> used <strong>Roost</strong>!</div><div><small>The opposing <span class="battle-nickname-foe" title="Latias-Mega">Latias</span> restored its HP.</small></div><div class="spacer"></div><div><span class="battle-nickname" title="Wishiwashi">Wishiwashi</span> used <strong>Ice Beam</strong>!</div><div><small>It's super effective! </small><small>The opposing <span class="battle-nickname-foe" title="Latias-Mega">Latias</span> lost 8% of its health!</small><br></div><h2>Turn 17</h2><div class="spacer"></div><div>The opposing <span class="battle-nickname-foe" title="Latias-Mega">Latias</span> used <strong>Psyshock</strong>!</div><div><small><span class="battle-nickname" title="Wishiwashi">Wishiwashi</span> lost 3% of its health!</small><br></div><div class="spacer"></div><div><span class="battle-nickname" title="Wishiwashi">Wishiwashi</span> fainted!</div><div class="spacer"></div><div>Go! Gengar!</div><h2>Turn 18</h2><div class="spacer"></div><div><small><span class="battle-nickname" title="Gengar-Mega">Gengar</span>'s Gengarite is reacting to Hellvis's Mega Bracelet!<br><span class="battle-nickname" title="Gengar-Mega">Gengar</span> has Mega Evolved into Mega Gengar!</small></div><div class="spacer"></div><div><span class="battle-nickname" title="Gengar-Mega">Gengar</span> used <strong>Destiny Bond</strong>!</div><div><small><span class="battle-nickname" title="Gengar-Mega">Gengar</span> is hoping to take its attacker down with it!</small></div><div class="spacer"></div><div>The opposing <span class="battle-nickname-foe" title="Latias-Mega">Latias</span> used <strong>Psyshock</strong>!</div><div><small>It's super effective! </small><small><span class="battle-nickname" title="Gengar-Mega">Gengar</span> lost 94% of its health!</small><br></div><div class="spacer"></div><div><span class="battle-nickname" title="Gengar-Mega">Gengar</span> fainted!</div><div><small><span class="battle-nickname" title="Gengar-Mega">Gengar</span> took its attacker down with it!</small></div><div class="spacer"></div><div>The opposing <span class="battle-nickname-foe" title="Latias-Mega">Latias</span> fainted!</div><div class="spacer"></div><div>CalagrianKnight sent out Medicham!</div><div class="spacer"></div><div>Go! Beartic!</div><h2>Turn 19</h2><div class="spacer"></div><div><span class="battle-nickname" title="Beartic">Beartic</span> used <strong>Aqua Jet</strong>!</div><div><small>The opposing <span class="battle-nickname-foe" title="Medicham">Medicham</span> lost 16% of its health!</small><br></div><div class="spacer"></div><div>The opposing <span class="battle-nickname-foe" title="Medicham">Medicham</span> fainted!</div><div class="spacer"></div><div>CalagrianKnight sent out Scrafty!</div><h2>Turn 20</h2><div class="spacer"></div><div><span class="battle-nickname" title="Beartic">Beartic</span> used <strong>Aqua Jet</strong>!</div><div><small>The opposing <span class="battle-nickname-foe" title="Scrafty">Scrafty</span> lost 18% of its health!</small><br></div><div class="spacer"></div><div>The opposing <span class="battle-nickname-foe" title="Scrafty">Scrafty</span> used <strong>Bulk Up</strong>!</div><div><small>The opposing <span class="battle-nickname-foe" title="Scrafty">Scrafty</span>'s Attack rose! The opposing <span class="battle-nickname-foe" title="Scrafty">Scrafty</span>'s Defense rose! </small></div><div class="spacer"></div><div><small>The opposing <span class="battle-nickname-foe" title="Scrafty">Scrafty</span> restored a little HP using its Leftovers!</small></div><h2>Turn 21</h2><div class="spacer"></div><div><span class="battle-nickname" title="Beartic">Beartic</span> used <strong>Aqua Jet</strong>!</div><div><small>The opposing <span class="battle-nickname-foe" title="Scrafty">Scrafty</span> lost 13% of its health!</small><br></div><div class="spacer"></div><div>The opposing <span class="battle-nickname-foe" title="Scrafty">Scrafty</span> used <strong>Bulk Up</strong>!</div><div><small>The opposing <span class="battle-nickname-foe" title="Scrafty">Scrafty</span>'s Attack rose! The opposing <span class="battle-nickname-foe" title="Scrafty">Scrafty</span>'s Defense rose! </small></div><div class="spacer"></div><div><small>The opposing <span class="battle-nickname-foe" title="Scrafty">Scrafty</span> restored a little HP using its Leftovers!</small></div><h2>Turn 22</h2><div class="spacer"></div><div><span class="battle-nickname" title="Beartic">Beartic</span>, come back!</div><div class="spacer"></div><div>Go! Thundurus!</div><div class="spacer"></div><div>The opposing <span class="battle-nickname-foe" title="Scrafty">Scrafty</span> used <strong>Bulk Up</strong>!</div><div><small>The opposing <span class="battle-nickname-foe" title="Scrafty">Scrafty</span>'s Attack rose! The opposing <span class="battle-nickname-foe" title="Scrafty">Scrafty</span>'s Defense rose! </small></div><div class="spacer"></div><div><small>The opposing <span class="battle-nickname-foe" title="Scrafty">Scrafty</span> restored a little HP using its Leftovers!</small></div><h2>Turn 23</h2><div class="spacer"></div><div><span class="battle-nickname" title="Thundurus">Thundurus</span> used <strong>Focus Blast</strong>!</div><div><small>It's super effective! </small><small>The opposing <span class="battle-nickname-foe" title="Scrafty">Scrafty</span> lost 68% of its health!</small><br></div><div class="spacer"></div><div>The opposing <span class="battle-nickname-foe" title="Scrafty">Scrafty</span> used <strong>Knock Off</strong>!</div><div><small><span class="battle-nickname" title="Thundurus">Thundurus</span> lost 100% of its health!</small><br></div><div><small>The opposing <span class="battle-nickname-foe" title="Scrafty">Scrafty</span> knocked off <span class="battle-nickname" title="Thundurus">Thundurus</span>'s Leftovers!</small></div><div class="spacer"></div><div><span class="battle-nickname" title="Thundurus">Thundurus</span> fainted!</div><div class="spacer"></div><div><small>The opposing <span class="battle-nickname-foe" title="Scrafty">Scrafty</span> restored a little HP using its Leftovers!</small></div><div class="spacer"></div><div>Go! Salamence!</div><div><small>[<span class="battle-nickname" title="Salamence">Salamence</span>'s Intimidate!]</small></div><div><small>The opposing <span class="battle-nickname-foe" title="Scrafty">Scrafty</span>'s Attack fell! </small></div><h2>Turn 24</h2><div class="spacer"></div><div><span class="battle-nickname" title="Salamence">Salamence</span> used <strong>Draco Meteor</strong>!</div><div><small>The opposing <span class="battle-nickname-foe" title="Scrafty">Scrafty</span> lost 25% of its health!</small><br></div><div><small><span class="battle-nickname" title="Salamence">Salamence</span>'s Special Attack fell harshly! </small></div><div><small><span class="battle-nickname" title="Salamence">Salamence</span> lost some of its HP!</small></div><div class="spacer"></div><div>The opposing <span class="battle-nickname-foe" title="Scrafty">Scrafty</span> fainted!</div><div class="spacer"></div><div>CalagrianKnight sent out Tyranitar!</div><div><small>[Opposing <span class="battle-nickname-foe" title="Tyranitar">Tyranitar</span>'s Sand Stream!]</small></div><div><small>A sandstorm kicked up!</small></div><h2>Turn 25</h2><div class="spacer"></div><div><span class="battle-nickname" title="Salamence">Salamence</span> used <strong>Earthquake</strong>!</div><div><small>It's super effective! A critical hit! </small><small>The opposing <span class="battle-nickname-foe" title="Tyranitar">Tyranitar</span> lost 97% of its health!</small><br></div><div><small><span class="battle-nickname" title="Salamence">Salamence</span> lost some of its HP!</small></div><div class="spacer"></div><div>The opposing <span class="battle-nickname-foe" title="Tyranitar">Tyranitar</span> used <strong>Stone Edge</strong>!</div><div><small>It's super effective! </small><small><span class="battle-nickname" title="Salamence">Salamence</span> lost 81% of its health!</small><br></div><div class="spacer"></div><div><span class="battle-nickname" title="Salamence">Salamence</span> fainted!</div><div><small>The sandstorm is raging.</small></div><div class="spacer"></div><div><small>The opposing <span class="battle-nickname-foe" title="Tyranitar">Tyranitar</span> restored a little HP using its Leftovers!</small></div><div class="spacer"></div><div>Go! Beartic!</div><h2>Turn 26</h2><div class="spacer"></div><div><span class="battle-nickname" title="Beartic">Beartic</span> used <strong>Aqua Jet</strong>!</div><div><small>It's super effective! </small><small>The opposing <span class="battle-nickname-foe" title="Tyranitar">Tyranitar</span> lost 9% of its health!</small><br></div><div class="spacer"></div><div>The opposing <span class="battle-nickname-foe" title="Tyranitar">Tyranitar</span> fainted!</div><div><small>The sandstorm is raging.</small></div><div class="spacer"></div><div><small><span class="battle-nickname" title="Beartic">Beartic</span> is buffeted by the sandstorm!</small></div><div class="spacer"></div><div>CalagrianKnight sent out Carbink!</div><h2>Turn 27</h2><div class="spacer"></div><div><span class="battle-nickname" title="Beartic">Beartic</span> used <strong>Aqua Jet</strong>!</div><div><small>It's super effective! </small><small>The opposing <span class="battle-nickname-foe" title="Carbink">Carbink</span> lost 30% of its health!</small><br></div><div class="spacer"></div><div>The opposing <span class="battle-nickname-foe" title="Carbink">Carbink</span> used <strong>Reflect</strong>!</div><div><small>Reflect made the opposing team stronger against physical moves!</small></div><div><small>The sandstorm is raging.</small></div><div class="spacer"></div><div><small><span class="battle-nickname" title="Beartic">Beartic</span> is buffeted by the sandstorm!</small></div><h2>Turn 28</h2><div class="spacer"></div><div><span class="battle-nickname" title="Beartic">Beartic</span> used <strong>Aqua Jet</strong>!</div><div><small>It's super effective! </small><small>The opposing <span class="battle-nickname-foe" title="Carbink">Carbink</span> lost 15% of its health!</small><br></div><div class="spacer"></div><div>The opposing <span class="battle-nickname-foe" title="Carbink">Carbink</span> used <strong>Moonblast</strong>!</div><div><small><span class="battle-nickname" title="Beartic">Beartic</span> lost 22% of its health!</small><br></div><div><small><span class="battle-nickname" title="Beartic">Beartic</span>'s Special Attack fell! </small></div><div><small>The sandstorm is raging.</small></div><div class="spacer"></div><div><small><span class="battle-nickname" title="Beartic">Beartic</span> is buffeted by the sandstorm!</small></div><h2>Turn 29</h2><div class="spacer"></div><div><span class="battle-nickname" title="Beartic">Beartic</span> used <strong>Aqua Jet</strong>!</div><div><small>It's super effective! </small><small>The opposing <span class="battle-nickname-foe" title="Carbink">Carbink</span> lost 17% of its health!</small><br></div><div class="spacer"></div><div>The opposing <span class="battle-nickname-foe" title="Carbink">Carbink</span> used <strong>Moonblast</strong>!</div><div><small><span class="battle-nickname" title="Beartic">Beartic</span> lost 25% of its health!</small><br></div><div><small><span class="battle-nickname" title="Beartic">Beartic</span>'s Special Attack fell! </small></div><div class="spacer"></div><div><small>The sandstorm subsided.</small></div><h2>Turn 30</h2><div class="spacer"></div><div><span class="battle-nickname" title="Beartic">Beartic</span> used <strong>Aqua Jet</strong>!</div><div><small>It's super effective! </small><small>The opposing <span class="battle-nickname-foe" title="Carbink">Carbink</span> lost 17% of its health!</small><br></div><div class="spacer"></div><div>The opposing <span class="battle-nickname-foe" title="Carbink">Carbink</span> used <strong>Explosion</strong>!</div><div><small><span class="battle-nickname" title="Beartic">Beartic</span> lost 35% of its health!</small><br></div><div class="spacer"></div><div>The opposing <span class="battle-nickname-foe" title="Carbink">Carbink</span> fainted!</div><div class="spacer"></div><div><span class="battle-nickname" title="Beartic">Beartic</span> fainted!</div><div class="spacer"></div><div>CalagrianKnight won the battle!</div><div class="chat"><small>Hellvis left.</small></div><div class="chat">Hellvis's rating: 1494 → <strong>1467</strong><br>(-27 for losing)</div><div class="chat">CalagrianKnight's rating: 1365 → <strong>1392</strong><br>(+27 for winning)</div></div></div>
</div>
<script>
var daily = Math.floor(Date.now()/1000/60/60/24);document.write('<script src="https://play.pokemonshowdown.com/js/replay-embed.js?version'+daily+'"></'+'script>');
</script>
