<!DOCTYPE html>
<meta charset="utf-8" />
<!-- version 1 -->
<title>[Gen 7] Random Battle replay: sdwasdwasdw vs. JOPeeke</title>
<style>
html,body {font-family:Verdana, sans-serif;font-size:10pt;margin:0;padding:0;}body{padding:12px 0;} .battle-log {font-family:Verdana, sans-serif;font-size:10pt;} .battle-log-inline {border:1px solid #AAAAAA;background:#EEF2F5;color:black;max-width:640px;margin:0 auto 80px;padding-bottom:5px;} .battle-log .inner {padding:4px 8px 0px 8px;} .battle-log .inner-preempt {padding:0 8px 4px 8px;} .battle-log .inner-after {margin-top:0.5em;} .battle-log h2 {margin:0.5em -8px;padding:4px 8px;border:1px solid #AAAAAA;background:#E0E7EA;border-left:0;border-right:0;font-family:Verdana, sans-serif;font-size:13pt;} .battle-log .chat {vertical-align:middle;padding:3px 0 3px 0;font-size:8pt;} .battle-log .chat strong {color:#40576A;} .battle-log .chat em {padding:1px 4px 1px 3px;color:#000000;font-style:normal;} .chat.mine {background:rgba(0,0,0,0.05);margin-left:-8px;margin-right:-8px;padding-left:8px;padding-right:8px;} .spoiler {color:#BBBBBB;background:#BBBBBB;padding:0px 3px;} .spoiler:hover, .spoiler:active, .spoiler-shown {color:#000000;background:#E2E2E2;padding:0px 3px;} .spoiler a {color:#BBBBBB;} .spoiler:hover a, .spoiler:active a, .spoiler-shown a {color:#2288CC;} .chat code, .chat .spoiler:hover code, .chat .spoiler:active code, .chat .spoiler-shown code {border:1px solid #C0C0C0;background:#EEEEEE;color:black;padding:0 2px;} .chat .spoiler code {border:1px solid #CCCCCC;background:#CCCCCC;color:#CCCCCC;} .battle-log .rated {padding:3px 4px;} .battle-log .rated strong {color:white;background:#89A;padding:1px 4px;border-radius:4px;} .spacer {margin-top:0.5em;} .message-announce {background:#6688AA;color:white;padding:1px 4px 2px;} .message-announce a, .broadcast-green a, .broadcast-blue a, .broadcast-red a {color:#DDEEFF;} .broadcast-green {background-color:#559955;color:white;padding:2px 4px;} .broadcast-blue {background-color:#6688AA;color:white;padding:2px 4px;} .infobox {border:1px solid #6688AA;padding:2px 4px;} .infobox-limited {max-height:200px;overflow:auto;overflow-x:hidden;} .broadcast-red {background-color:#AA5544;color:white;padding:2px 4px;} .message-learn-canlearn {font-weight:bold;color:#228822;text-decoration:underline;} .message-learn-cannotlearn {font-weight:bold;color:#CC2222;text-decoration:underline;} .message-effect-weak {font-weight:bold;color:#CC2222;} .message-effect-resist {font-weight:bold;color:#6688AA;} .message-effect-immune {font-weight:bold;color:#666666;} .message-learn-list {margin-top:0;margin-bottom:0;} .message-throttle-notice, .message-error {color:#992222;} .message-overflow, .chat small.message-overflow {font-size:0pt;} .message-overflow::before {font-size:9pt;content:'...';} .subtle {color:#3A4A66;}
</style>
<div class="wrapper replay-wrapper" style="max-width:1180px;margin:0 auto">
<input type="hidden" name="replayid" value="gen7randombattle-566579840" />
<div class="battle"></div><div class="battle-log"></div><div class="replay-controls"></div><div class="replay-controls-2"></div>
<h1 style="font-weight:normal;text-align:center"><strong>[Gen 7] Random Battle</strong><br /><a href="http://pokemonshowdown.com/users/sdwasdwasdw" class="subtle" target="_blank">sdwasdwasdw</a> vs. <a href="http://pokemonshowdown.com/users/jopeeke" class="subtle" target="_blank">JOPeeke</a></h1>
<script type="text/plain" class="battle-log-data">|j|sdwasdwasdw
|j|JOPeeke
|player|p1|sdwasdwasdw|266
|player|p2|JOPeeke|169
|gametype|singles
|gen|7
|tier|[Gen 7] Random Battle
|rated
|seed|27197,3275,21595,62,37533,25496,9728,19061,44106,5826,22640,25271
|rule|Sleep Clause Mod: Limit one foe put to sleep
|rule|HP Percentage Mod: HP is shown in percentages
|
|start
|switch|p1a: Malamar|Malamar, L79, M|100\/100
|switch|p2a: Stoutland|Stoutland, L79, M|100\/100
|turn|1
|choice|move superpower|move superpower
|
|move|p2a: Stoutland|Superpower|p1a: Malamar
|-crit|p1a: Malamar
|-damage|p1a: Malamar|50\/100
|-unboost|p2a: Stoutland|atk|1
|-unboost|p2a: Stoutland|def|1
|move|p1a: Malamar|Superpower|p2a: Stoutland
|-supereffective|p2a: Stoutland
|-damage|p2a: Stoutland|14\/100
|-boost|p1a: Malamar|atk|1
|-boost|p1a: Malamar|def|1
|
|-heal|p1a: Malamar|56\/100|[from] item: Leftovers
|upkeep
|turn|2
|choice|move superpower|move superpower
|
|move|p2a: Stoutland|Superpower|p1a: Malamar
|-damage|p1a: Malamar|42\/100
|-unboost|p2a: Stoutland|atk|1
|-unboost|p2a: Stoutland|def|1
|move|p1a: Malamar|Superpower|p2a: Stoutland
|-supereffective|p2a: Stoutland
|-damage|p2a: Stoutland|0 fnt
|-boost|p1a: Malamar|atk|1
|-boost|p1a: Malamar|def|1
|faint|p2a: Stoutland
|
|-heal|p1a: Malamar|48\/100|[from] item: Leftovers
|upkeep
|choice||switch 3
|
|switch|p2a: Vespiquen|Vespiquen, L79, F|100\/100
|-ability|p2a: Vespiquen|Pressure
|turn|3
|choice|switch 3|move attackorder
|
|switch|p1a: Entei|Entei, L77|100\/100
|move|p2a: Vespiquen|Attack Order|p1a: Entei
|-resisted|p1a: Entei
|-damage|p1a: Entei|86\/100
|
|upkeep
|turn|4
|choice|move flareblitz|switch 6
|
|switch|p2a: Quagsire|Quagsire, L79, M|100\/100
|move|p1a: Entei|Flare Blitz|p2a: Quagsire
|-resisted|p2a: Quagsire
|-damage|p2a: Quagsire|67\/100
|-damage|p1a: Entei|76\/100|[from] recoil|[of] p2a: Quagsire
|
|upkeep
|turn|5
|choice|switch 2|move earthquake
|
|switch|p1a: Accelgor|Accelgor, L79, F|100\/100
|move|p2a: Quagsire|Earthquake|p1a: Accelgor
|-resisted|p1a: Accelgor
|-damage|p1a: Accelgor|61\/100
|-damage|p2a: Quagsire|57\/100|[from] item: Life Orb
|
|-heal|p1a: Accelgor|67\/100|[from] item: Leftovers
|upkeep
|turn|6
|choice|move yawn|move scald
|
|move|p1a: Accelgor|Yawn|p2a: Quagsire
|-start|p2a: Quagsire|move: Yawn|[of] p1a: Accelgor
|move|p2a: Quagsire|Scald|p1a: Accelgor
|-damage|p1a: Accelgor|26\/100
|-damage|p2a: Quagsire|47\/100|[from] item: Life Orb
|
|-heal|p1a: Accelgor|32\/100|[from] item: Leftovers
|upkeep
|turn|7
|choice|move gigadrain|move scald
|
|move|p1a: Accelgor|Giga Drain|p2a: Quagsire
|-supereffective|p2a: Quagsire
|-damage|p2a: Quagsire|0 fnt
|-heal|p1a: Accelgor|58\/100|[from] drain|[of] p2a: Quagsire
|faint|p2a: Quagsire
|
|-heal|p1a: Accelgor|64\/100|[from] item: Leftovers
|upkeep
|choice||switch 5
|
|switch|p2a: Scizor|Scizor, L75, F|100\/100
|turn|8
|choice|move yawn|move bugbite mega
|
|detailschange|p2a: Scizor|Scizor-Mega, L75, F
|-mega|p2a: Scizor|Scizor|Scizorite
|move|p1a: Accelgor|Yawn|p2a: Scizor
|-start|p2a: Scizor|move: Yawn|[of] p1a: Accelgor
|move|p2a: Scizor|Bug Bite|p1a: Accelgor
|-damage|p1a: Accelgor|0 fnt
|faint|p1a: Accelgor
|
|upkeep
|choice|switch 3|
|
|switch|p1a: Malamar|Malamar, L79, M|48\/100
|turn|9
|choice|move substitute|move bugbite
|
|move|p1a: Malamar|Substitute|p1a: Malamar
|-start|p1a: Malamar|Substitute
|-damage|p1a: Malamar|23\/100
|move|p2a: Scizor|Bug Bite|p1a: Malamar
|-supereffective|p1a: Malamar
|-end|p1a: Malamar|Substitute
|
|-end|p2a: Scizor|move: Yawn|[silent]
|-status|p2a: Scizor|slp
|-heal|p1a: Malamar|29\/100|[from] item: Leftovers
|upkeep
|turn|10
|choice|switch 2|move bugbite
|
|switch|p1a: Entei|Entei, L77|76\/100
|cant|p2a: Scizor|slp
|
|upkeep
|turn|11
|choice|move flareblitz|move knockoff
|
|move|p1a: Entei|Flare Blitz|p2a: Scizor
|-supereffective|p2a: Scizor
|-damage|p2a: Scizor|0 fnt
|-damage|p1a: Entei|51\/100|[from] recoil|[of] p2a: Scizor
|faint|p2a: Scizor
|
|upkeep
|-message|JOPeeke forfeited.
|
|win|sdwasdwasdw
|l|JOPeeke
|raw|sdwasdwasdw's rating: 1086 &rarr; <strong>1112<\/strong><br \/>(+26 for winning)
|raw|JOPeeke's rating: 1068 &rarr; <strong>1049<\/strong><br \/>(-19 for losing)</script>
</div>
<div class="battle-log battle-log-inline"><div class="inner"><div class="chat"><small>sdwasdwasdw joined.</small></div><div class="chat"><small>JOPeeke joined.</small></div><div style="padding:5px 0"><small>Format:</small> <br><strong>[Gen 7] Random Battle</strong></div><div class="rated"><strong>Rated battle</strong></div><div><small><em>Sleep Clause Mod:</em> Limit one foe put to sleep</small></div><div><small><em>HP Percentage Mod:</em> HP is shown in percentages</small></div><div>Battle between sdwasdwasdw and JOPeeke started!</div><div class="spacer"></div><div>Go! Malamar!</div><div class="spacer"></div><div>JOPeeke sent out Stoutland!</div><h2>Turn 1</h2><div class="spacer"></div><div>The opposing <span class="battle-nickname-foe" title="Stoutland">Stoutland</span> used <strong>Superpower</strong>!</div><div><small>A critical hit! </small><small><span class="battle-nickname" title="Malamar">Malamar</span> lost 50% of its health!</small><br></div><div><small>The opposing <span class="battle-nickname-foe" title="Stoutland">Stoutland</span>'s Attack fell! The opposing <span class="battle-nickname-foe" title="Stoutland">Stoutland</span>'s Defense fell! </small></div><div class="spacer"></div><div><span class="battle-nickname" title="Malamar">Malamar</span> used <strong>Superpower</strong>!</div><div><small>It's super effective! </small><small>The opposing <span class="battle-nickname-foe" title="Stoutland">Stoutland</span> lost 86% of its health!</small><br></div><div><small><span class="battle-nickname" title="Malamar">Malamar</span>'s Attack rose! <span class="battle-nickname" title="Malamar">Malamar</span>'s Defense rose! </small></div><div class="spacer"></div><div><small><span class="battle-nickname" title="Malamar">Malamar</span> restored a little HP using its Leftovers!</small></div><h2>Turn 2</h2><div class="spacer"></div><div>The opposing <span class="battle-nickname-foe" title="Stoutland">Stoutland</span> used <strong>Superpower</strong>!</div><div><small><span class="battle-nickname" title="Malamar">Malamar</span> lost 14% of its health!</small><br></div><div><small>The opposing <span class="battle-nickname-foe" title="Stoutland">Stoutland</span>'s Attack fell! The opposing <span class="battle-nickname-foe" title="Stoutland">Stoutland</span>'s Defense fell! </small></div><div class="spacer"></div><div><span class="battle-nickname" title="Malamar">Malamar</span> used <strong>Superpower</strong>!</div><div><small>It's super effective! </small><small>The opposing <span class="battle-nickname-foe" title="Stoutland">Stoutland</span> lost 14% of its health!</small><br></div><div><small><span class="battle-nickname" title="Malamar">Malamar</span>'s Attack rose! <span class="battle-nickname" title="Malamar">Malamar</span>'s Defense rose! </small></div><div class="spacer"></div><div>The opposing <span class="battle-nickname-foe" title="Stoutland">Stoutland</span> fainted!</div><div class="spacer"></div><div><small><span class="battle-nickname" title="Malamar">Malamar</span> restored a little HP using its Leftovers!</small></div><div class="spacer"></div><div>JOPeeke sent out Vespiquen!</div><div><small>[Opposing <span class="battle-nickname-foe" title="Vespiquen">Vespiquen</span>'s Pressure!]</small></div><div><small>The opposing <span class="battle-nickname-foe" title="Vespiquen">Vespiquen</span> is exerting its pressure!</small></div><h2>Turn 3</h2><div class="spacer"></div><div><span class="battle-nickname" title="Malamar">Malamar</span>, come back!</div><div class="spacer"></div><div>Go! Entei!</div><div class="spacer"></div><div>The opposing <span class="battle-nickname-foe" title="Vespiquen">Vespiquen</span> used <strong>Attack Order</strong>!</div><div><small>It's not very effective... </small><small><span class="battle-nickname" title="Entei">Entei</span> lost 14% of its health!</small><br></div><h2>Turn 4</h2><div class="spacer"></div><div>JOPeeke withdrew Vespiquen!</div><div class="spacer"></div><div>JOPeeke sent out Quagsire!</div><div class="spacer"></div><div><span class="battle-nickname" title="Entei">Entei</span> used <strong>Flare Blitz</strong>!</div><div><small>It's not very effective... </small><small>The opposing <span class="battle-nickname-foe" title="Quagsire">Quagsire</span> lost 33% of its health!</small><br></div><div><small><span class="battle-nickname" title="Entei">Entei</span> is damaged by the recoil!</small></div><h2>Turn 5</h2><div class="spacer"></div><div><span class="battle-nickname" title="Entei">Entei</span>, come back!</div><div class="spacer"></div><div>Go! Accelgor!</div><div class="spacer"></div><div>The opposing <span class="battle-nickname-foe" title="Quagsire">Quagsire</span> used <strong>Earthquake</strong>!</div><div><small>It's not very effective... </small><small><span class="battle-nickname" title="Accelgor">Accelgor</span> lost 39% of its health!</small><br></div><div><small>The opposing <span class="battle-nickname-foe" title="Quagsire">Quagsire</span> lost some of its HP!</small></div><div class="spacer"></div><div><small><span class="battle-nickname" title="Accelgor">Accelgor</span> restored a little HP using its Leftovers!</small></div><h2>Turn 6</h2><div class="spacer"></div><div><span class="battle-nickname" title="Accelgor">Accelgor</span> used <strong>Yawn</strong>!</div><div><small>The opposing <span class="battle-nickname-foe" title="Quagsire">Quagsire</span> grew drowsy!</small></div><div class="spacer"></div><div>The opposing <span class="battle-nickname-foe" title="Quagsire">Quagsire</span> used <strong>Scald</strong>!</div><div><small><span class="battle-nickname" title="Accelgor">Accelgor</span> lost 41% of its health!</small><br></div><div><small>The opposing <span class="battle-nickname-foe" title="Quagsire">Quagsire</span> lost some of its HP!</small></div><div class="spacer"></div><div><small><span class="battle-nickname" title="Accelgor">Accelgor</span> restored a little HP using its Leftovers!</small></div><h2>Turn 7</h2><div class="spacer"></div><div><span class="battle-nickname" title="Accelgor">Accelgor</span> used <strong>Giga Drain</strong>!</div><div><small>It's super effective! </small><small>The opposing <span class="battle-nickname-foe" title="Quagsire">Quagsire</span> lost 47% of its health!</small><br></div><div><small>The opposing <span class="battle-nickname-foe" title="Quagsire">Quagsire</span> had its energy drained!</small></div><div class="spacer"></div><div>The opposing <span class="battle-nickname-foe" title="Quagsire">Quagsire</span> fainted!</div><div class="spacer"></div><div><small><span class="battle-nickname" title="Accelgor">Accelgor</span> restored a little HP using its Leftovers!</small></div><div class="spacer"></div><div>JOPeeke sent out Scizor!</div><h2>Turn 8</h2><div class="spacer"></div><div><small>The opposing <span class="battle-nickname-foe" title="Scizor-Mega">Scizor</span>'s Scizorite is reacting to JOPeeke's Mega Bracelet!<br>The opposing <span class="battle-nickname-foe" title="Scizor-Mega">Scizor</span> has Mega Evolved into Mega Scizor!</small></div><div class="spacer"></div><div><span class="battle-nickname" title="Accelgor">Accelgor</span> used <strong>Yawn</strong>!</div><div><small>The opposing <span class="battle-nickname-foe" title="Scizor-Mega">Scizor</span> grew drowsy!</small></div><div class="spacer"></div><div>The opposing <span class="battle-nickname-foe" title="Scizor-Mega">Scizor</span> used <strong>Bug Bite</strong>!</div><div><small><span class="battle-nickname" title="Accelgor">Accelgor</span> lost 64% of its health!</small><br></div><div class="spacer"></div><div><span class="battle-nickname" title="Accelgor">Accelgor</span> fainted!</div><div class="spacer"></div><div>Go! Malamar!</div><h2>Turn 9</h2><div class="spacer"></div><div><span class="battle-nickname" title="Malamar">Malamar</span> used <strong>Substitute</strong>!</div><div><small><span class="battle-nickname" title="Malamar">Malamar</span> put in a substitute!</small></div><div><small><span class="battle-nickname" title="Malamar">Malamar</span> lost 25% of its health!</small><br></div><div class="spacer"></div><div>The opposing <span class="battle-nickname-foe" title="Scizor-Mega">Scizor</span> used <strong>Bug Bite</strong>!</div><div><small>It's super effective! <span class="battle-nickname" title="Malamar">Malamar</span>'s substitute faded!</small></div><div class="spacer"></div><div><small>The opposing <span class="battle-nickname-foe" title="Scizor-Mega">Scizor</span> fell asleep!</small></div><div><small><span class="battle-nickname" title="Malamar">Malamar</span> restored a little HP using its Leftovers!</small></div><h2>Turn 10</h2><div class="spacer"></div><div><span class="battle-nickname" title="Malamar">Malamar</span>, come back!</div><div class="spacer"></div><div>Go! Entei!</div><div class="spacer"></div><div>The opposing <span class="battle-nickname-foe" title="Scizor-Mega">Scizor</span> is fast asleep.</div><h2>Turn 11</h2><div class="spacer"></div><div><span class="battle-nickname" title="Entei">Entei</span> used <strong>Flare Blitz</strong>!</div><div><small>It's super effective! </small><small>The opposing <span class="battle-nickname-foe" title="Scizor-Mega">Scizor</span> lost 100% of its health!</small><br></div><div><small><span class="battle-nickname" title="Entei">Entei</span> is damaged by the recoil!</small></div><div class="spacer"></div><div>The opposing <span class="battle-nickname-foe" title="Scizor-Mega">Scizor</span> fainted!</div><div class="spacer"></div><div><small>JOPeeke forfeited.</small></div><div class="spacer"></div><div>sdwasdwasdw won the battle!</div><div class="chat"><small>JOPeeke left.</small></div><div class="chat">sdwasdwasdw's rating: 1086 → <strong>1112</strong><br>(+26 for winning)</div><div class="chat">JOPeeke's rating: 1068 → <strong>1049</strong><br>(-19 for losing)</div></div></div>
</div>
<script>
var daily = Math.floor(Date.now()/1000/60/60/24);document.write('<script src="https://play.pokemonshowdown.com/js/replay-embed.js?version'+daily+'"></'+'script>');
</script>
