<!DOCTYPE html>
<meta charset="utf-8" />
<!-- version 1 -->
<title>[Gen 7] Random Battle replay: FeLa7 vs. jojomlo</title>
<style>
html,body {font-family:Verdana, sans-serif;font-size:10pt;margin:0;padding:0;}body{padding:12px 0;} .battle-log {font-family:Verdana, sans-serif;font-size:10pt;} .battle-log-inline {border:1px solid #AAAAAA;background:#EEF2F5;color:black;max-width:640px;margin:0 auto 80px;padding-bottom:5px;} .battle-log .inner {padding:4px 8px 0px 8px;} .battle-log .inner-preempt {padding:0 8px 4px 8px;} .battle-log .inner-after {margin-top:0.5em;} .battle-log h2 {margin:0.5em -8px;padding:4px 8px;border:1px solid #AAAAAA;background:#E0E7EA;border-left:0;border-right:0;font-family:Verdana, sans-serif;font-size:13pt;} .battle-log .chat {vertical-align:middle;padding:3px 0 3px 0;font-size:8pt;} .battle-log .chat strong {color:#40576A;} .battle-log .chat em {padding:1px 4px 1px 3px;color:#000000;font-style:normal;} .chat.mine {background:rgba(0,0,0,0.05);margin-left:-8px;margin-right:-8px;padding-left:8px;padding-right:8px;} .spoiler {color:#BBBBBB;background:#BBBBBB;padding:0px 3px;} .spoiler:hover, .spoiler:active, .spoiler-shown {color:#000000;background:#E2E2E2;padding:0px 3px;} .spoiler a {color:#BBBBBB;} .spoiler:hover a, .spoiler:active a, .spoiler-shown a {color:#2288CC;} .chat code, .chat .spoiler:hover code, .chat .spoiler:active code, .chat .spoiler-shown code {border:1px solid #C0C0C0;background:#EEEEEE;color:black;padding:0 2px;} .chat .spoiler code {border:1px solid #CCCCCC;background:#CCCCCC;color:#CCCCCC;} .battle-log .rated {padding:3px 4px;} .battle-log .rated strong {color:white;background:#89A;padding:1px 4px;border-radius:4px;} .spacer {margin-top:0.5em;} .message-announce {background:#6688AA;color:white;padding:1px 4px 2px;} .message-announce a, .broadcast-green a, .broadcast-blue a, .broadcast-red a {color:#DDEEFF;} .broadcast-green {background-color:#559955;color:white;padding:2px 4px;} .broadcast-blue {background-color:#6688AA;color:white;padding:2px 4px;} .infobox {border:1px solid #6688AA;padding:2px 4px;} .infobox-limited {max-height:200px;overflow:auto;overflow-x:hidden;} .broadcast-red {background-color:#AA5544;color:white;padding:2px 4px;} .message-learn-canlearn {font-weight:bold;color:#228822;text-decoration:underline;} .message-learn-cannotlearn {font-weight:bold;color:#CC2222;text-decoration:underline;} .message-effect-weak {font-weight:bold;color:#CC2222;} .message-effect-resist {font-weight:bold;color:#6688AA;} .message-effect-immune {font-weight:bold;color:#666666;} .message-learn-list {margin-top:0;margin-bottom:0;} .message-throttle-notice, .message-error {color:#992222;} .message-overflow, .chat small.message-overflow {font-size:0pt;} .message-overflow::before {font-size:9pt;content:'...';} .subtle {color:#3A4A66;}
</style>
<div class="wrapper replay-wrapper" style="max-width:1180px;margin:0 auto">
<input type="hidden" name="replayid" value="gen7randombattle-566866517" />
<div class="battle"></div><div class="battle-log"></div><div class="replay-controls"></div><div class="replay-controls-2"></div>
<h1 style="font-weight:normal;text-align:center"><strong>[Gen 7] Random Battle</strong><br /><a href="http://pokemonshowdown.com/users/fela7" class="subtle" target="_blank">FeLa7</a> vs. <a href="http://pokemonshowdown.com/users/jojomlo" class="subtle" target="_blank">jojomlo</a></h1>
<script type="text/plain" class="battle-log-data">|j|FeLa7
|j|jojomlo
|player|p1|FeLa7|170
|player|p2|jojomlo|80
|gametype|singles
|gen|7
|tier|[Gen 7] Random Battle
|seed|57770,29786,1577,50138,55629,14070,25423,9701,14241,15448,2048,8766
|rule|Sleep Clause Mod: Limit one foe put to sleep
|rule|HP Percentage Mod: HP is shown in percentages
|
|start
|switch|p1a: Delibird|Delibird, L79, F|100\/100
|switch|p2a: Hitmonlee|Hitmonlee, L79, M|100\/100
|turn|1
|choice|move aerialace|move fakeout
|
|move|p2a: Hitmonlee|Fake Out|p1a: Delibird
|-damage|p1a: Delibird|74\/100
|cant|p1a: Delibird|flinch
|
|upkeep
|turn|2
|choice|move aerialace|move highjumpkick
|
|move|p2a: Hitmonlee|High Jump Kick|p1a: Delibird
|-damage|p1a: Delibird|0 fnt
|faint|p1a: Delibird
|
|upkeep
|choice|switch 3|
|
|switch|p1a: Raichu|Raichu-Alola, L79, F|100\/100
|turn|3
|c|☆jojomlo|sua mãe nasceu pelada
|choice|move psyshock|move fakeout
|
|move|p2a: Hitmonlee|Fake Out|p1a: Raichu
|-fail|p2a: Hitmonlee
|-hint|Fake Out only works on your first turn out.
|move|p1a: Raichu|Psyshock|p2a: Hitmonlee
|-supereffective|p2a: Hitmonlee
|-damage|p2a: Hitmonlee|0 fnt
|faint|p2a: Hitmonlee
|
|upkeep
|choice||switch 4
|
|switch|p2a: Mightyena|Mightyena, L79, M|100\/100
|turn|4
|choice|move thunderbolt zmove|move suckerpunch
|
|move|p2a: Mightyena|Sucker Punch|p1a: Raichu
|-supereffective|p1a: Raichu
|-crit|p1a: Raichu
|-damage|p1a: Raichu|0 fnt
|faint|p1a: Raichu
|-ability|p2a: Mightyena|Moxie|boost
|-boost|p2a: Mightyena|atk|1
|
|upkeep
|choice|switch 6|
|
|switch|p1a: Tapu Lele|Tapu Lele, L75|100\/100
|-fieldstart|move: Psychic Terrain|[from] ability: Psychic Surge|[of] p1a: Tapu Lele
|turn|5
|choice|move moonblast|move irontail
|
|move|p1a: Tapu Lele|Moonblast|p2a: Mightyena
|-supereffective|p2a: Mightyena
|-damage|p2a: Mightyena|0 fnt
|faint|p2a: Mightyena
|
|upkeep
|choice||switch 3
|
|switch|p2a: Ursaring|Ursaring, L79, M|100\/100
|turn|6
|choice|move calmmind|move swordsdance
|
|move|p1a: Tapu Lele|Calm Mind|p1a: Tapu Lele
|-boost|p1a: Tapu Lele|spa|1
|-boost|p1a: Tapu Lele|spd|1
|move|p2a: Ursaring|Swords Dance|p2a: Ursaring
|-boost|p2a: Ursaring|atk|2
|
|-status|p2a: Ursaring|brn|[from] item: Flame Orb
|upkeep
|turn|7
|choice|move moonblast|move protect
|
|move|p2a: Ursaring|Protect|p2a: Ursaring
|-singleturn|p2a: Ursaring|Protect
|move|p1a: Tapu Lele|Moonblast|p2a: Ursaring
|-activate|p2a: Ursaring|move: Protect
|
|-damage|p2a: Ursaring|94\/100 brn|[from] brn
|upkeep
|turn|8
|choice|move moonblast|move facade
|
|move|p1a: Tapu Lele|Moonblast|p2a: Ursaring
|-damage|p2a: Ursaring|24\/100 brn
|move|p2a: Ursaring|Facade|p1a: Tapu Lele
|-damage|p1a: Tapu Lele|0 fnt
|faint|p1a: Tapu Lele
|
|-damage|p2a: Ursaring|17\/100 brn|[from] brn
|upkeep
|choice|switch 4|
|
|switch|p1a: Samurott|Samurott, L79, F|100\/100
|turn|9
|choice|move aquajet|move facade
|
|move|p1a: Samurott|Aqua Jet|p2a: Ursaring
|-activate|p2a: Ursaring|move: Psychic Terrain
|move|p2a: Ursaring|Facade|p1a: Samurott
|-damage|p1a: Samurott|0 fnt
|faint|p1a: Samurott
|
|-damage|p2a: Ursaring|11\/100 brn|[from] brn
|-fieldend|move: Psychic Terrain
|upkeep
|choice|switch 2|
|
|switch|p1a: Froslass|Froslass, L79, F|100\/100
|turn|10
|choice|move icebeam|move crunch
|
|move|p1a: Froslass|Ice Beam|p2a: Ursaring
|-damage|p2a: Ursaring|0 fnt
|faint|p2a: Ursaring
|
|upkeep
|choice||switch 5
|
|switch|p2a: Phione|Phione, L79|100\/100
|turn|11
|choice|move spikes|move raindance
|
|move|p1a: Froslass|Spikes|p2a: Phione
|-sidestart|p2: jojomlo|Spikes
|move|p2a: Phione|Rain Dance|p2a: Phione
|-weather|RainDance
|
|-weather|RainDance|[upkeep]
|upkeep
|turn|12
|choice|move icebeam|move scald
|
|move|p1a: Froslass|Ice Beam|p2a: Phione
|-resisted|p2a: Phione
|-damage|p2a: Phione|86\/100
|move|p2a: Phione|Scald|p1a: Froslass
|-damage|p1a: Froslass|50\/100
|-start|p2a: Phione|Disable|Scald|[from] ability: Cursed Body|[of] p1a: Froslass
|
|-weather|RainDance|[upkeep]
|-heal|p1a: Froslass|56\/100|[from] item: Leftovers
|upkeep
|turn|13
|choice|move spikes|move uturn
|
|move|p1a: Froslass|Spikes|p2a: Phione
|-sidestart|p2: jojomlo|Spikes
|move|p2a: Phione|U-turn|p1a: Froslass
|-resisted|p1a: Froslass
|-damage|p1a: Froslass|45\/100
|choice||switch 6
|
|switch|p2a: Jolteon|Jolteon, L75, F|100\/100
|-damage|p2a: Jolteon|84\/100|[from] Spikes
|
|-weather|RainDance|[upkeep]
|-heal|p2a: Jolteon|90\/100|[from] item: Leftovers
|-heal|p1a: Froslass|51\/100|[from] item: Leftovers
|upkeep
|turn|14
|choice|move destinybond|move substitute
|
|move|p2a: Jolteon|Substitute|p2a: Jolteon
|-start|p2a: Jolteon|Substitute
|-damage|p2a: Jolteon|65\/100
|move|p1a: Froslass|Destiny Bond|p1a: Froslass
|-singlemove|p1a: Froslass|Destiny Bond
|
|-weather|RainDance|[upkeep]
|-heal|p2a: Jolteon|71\/100|[from] item: Leftovers
|-heal|p1a: Froslass|57\/100|[from] item: Leftovers
|upkeep
|turn|15
|choice|move icebeam|move thunderbolt
|
|move|p2a: Jolteon|Thunderbolt|p1a: Froslass
|-damage|p1a: Froslass|13\/100
|move|p1a: Froslass|Ice Beam|p2a: Jolteon
|-end|p2a: Jolteon|Substitute
|
|-weather|RainDance|[upkeep]
|-heal|p2a: Jolteon|77\/100|[from] item: Leftovers
|-heal|p1a: Froslass|18\/100|[from] item: Leftovers
|upkeep
|turn|16
|choice|move destinybond|move substitute
|
|move|p2a: Jolteon|Substitute|p2a: Jolteon
|-start|p2a: Jolteon|Substitute
|-damage|p2a: Jolteon|52\/100
|move|p1a: Froslass|Destiny Bond|p1a: Froslass
|-singlemove|p1a: Froslass|Destiny Bond
|
|-weather|RainDance|[upkeep]
|-heal|p2a: Jolteon|58\/100|[from] item: Leftovers
|-heal|p1a: Froslass|24\/100|[from] item: Leftovers
|upkeep
|turn|17
|choice|move icebeam|move thunderbolt
|
|move|p2a: Jolteon|Thunderbolt|p1a: Froslass
|-damage|p1a: Froslass|0 fnt
|faint|p1a: Froslass
|-activate|p1a: Froslass|move: Destiny Bond
|faint|p2a: Jolteon
|
|-weather|RainDance|[upkeep]
|upkeep
|choice|switch 5|switch 2
|
|switch|p2a: Rayquaza|Rayquaza, L73|100\/100
|switch|p1a: Tyranitar|Tyranitar, L75, F|100\/100
|-ability|p2a: Rayquaza|Air Lock
|-weather|Sandstorm|[from] ability: Sand Stream|[of] p1a: Tyranitar
|turn|18
|choice|move icepunch mega|move outrage
|
|detailschange|p1a: Tyranitar|Tyranitar-Mega, L75, F
|-mega|p1a: Tyranitar|Tyranitar|Tyranitarite
|move|p2a: Rayquaza|Outrage|p1a: Tyranitar
|-damage|p1a: Tyranitar|60\/100
|move|p1a: Tyranitar|Ice Punch|p2a: Rayquaza
|-supereffective|p2a: Rayquaza
|-damage|p2a: Rayquaza|0 fnt
|faint|p2a: Rayquaza
|
|-weather|Sandstorm|[upkeep]
|upkeep
|choice||switch 6
|
|switch|p2a: Phione|Phione, L79|86\/100
|-damage|p2a: Phione|69\/100|[from] Spikes
|turn|19
|choice|move crunch|move raindance
|
|move|p2a: Phione|Rain Dance|p2a: Phione
|-weather|RainDance
|move|p1a: Tyranitar|Crunch|p2a: Phione
|-crit|p2a: Phione
|-damage|p2a: Phione|0 fnt
|faint|p2a: Phione
|
|win|FeLa7
|l|jojomlo</script>
</div>
<div class="battle-log battle-log-inline"><div class="inner"><div class="chat"><small>FeLa7 joined.</small></div><div class="chat"><small>jojomlo joined.</small></div><div style="padding:5px 0"><small>Format:</small> <br><strong>[Gen 7] Random Battle</strong></div><div><small><em>Sleep Clause Mod:</em> Limit one foe put to sleep</small></div><div><small><em>HP Percentage Mod:</em> HP is shown in percentages</small></div><div>Battle between FeLa7 and jojomlo started!</div><div class="spacer"></div><div>Go! Delibird!</div><div class="spacer"></div><div>jojomlo sent out Hitmonlee!</div><h2>Turn 1</h2><div class="spacer"></div><div>The opposing <span class="battle-nickname-foe" title="Hitmonlee">Hitmonlee</span> used <strong>Fake Out</strong>!</div><div><small><span class="battle-nickname" title="Delibird">Delibird</span> lost 26% of its health!</small><br></div><div class="spacer"></div><div><span class="battle-nickname" title="Delibird">Delibird</span> flinched and couldn't move!</div><h2>Turn 2</h2><div class="spacer"></div><div>The opposing <span class="battle-nickname-foe" title="Hitmonlee">Hitmonlee</span> used <strong>High Jump Kick</strong>!</div><div><small><span class="battle-nickname" title="Delibird">Delibird</span> lost 74% of its health!</small><br></div><div class="spacer"></div><div><span class="battle-nickname" title="Delibird">Delibird</span> fainted!</div><div class="spacer"></div><div>Go! <span class="battle-nickname" title="Raichu-Alola">Raichu <small>(Raichu-Alola)</small></span>!</div><h2>Turn 3</h2><div class="chat chatmessage-jojomlo"><strong style="color:hsl(350,43.40389066666667%,48.59610933333333%);"><small>☆</small><span class="username" data-name="jojomlo">jojomlo</span>:</strong> <em>sua mãe nasceu pelada</em></div><div class="spacer"></div><div>The opposing <span class="battle-nickname-foe" title="Hitmonlee">Hitmonlee</span> used <strong>Fake Out</strong>!</div><div><small>But it failed!</small></div><div><small>(Fake Out only works on your first turn out.)</small></div><div class="spacer"></div><div><span class="battle-nickname" title="Raichu-Alola">Raichu</span> used <strong>Psyshock</strong>!</div><div><small>It's super effective! </small><small>The opposing <span class="battle-nickname-foe" title="Hitmonlee">Hitmonlee</span> lost 100% of its health!</small><br></div><div class="spacer"></div><div>The opposing <span class="battle-nickname-foe" title="Hitmonlee">Hitmonlee</span> fainted!</div><div class="spacer"></div><div>jojomlo sent out Mightyena!</div><h2>Turn 4</h2><div class="spacer"></div><div>The opposing <span class="battle-nickname-foe" title="Mightyena">Mightyena</span> used <strong>Sucker Punch</strong>!</div><div><small>It's super effective! A critical hit! </small><small><span class="battle-nickname" title="Raichu-Alola">Raichu</span> lost 100% of its health!</small><br></div><div class="spacer"></div><div><span class="battle-nickname" title="Raichu-Alola">Raichu</span> fainted!</div><div><small>[Opposing <span class="battle-nickname-foe" title="Mightyena">Mightyena</span>'s Moxie!]</small></div><div><small>The opposing <span class="battle-nickname-foe" title="Mightyena">Mightyena</span>'s Attack rose! </small></div><div class="spacer"></div><div>Go! Tapu Lele!</div><div><small>[<span class="battle-nickname" title="Tapu Lele">Tapu Lele</span>'s Psychic Surge!]</small></div><div><small>The battlefield got weird!</small></div><h2>Turn 5</h2><div class="spacer"></div><div><span class="battle-nickname" title="Tapu Lele">Tapu Lele</span> used <strong>Moonblast</strong>!</div><div><small>It's super effective! </small><small>The opposing <span class="battle-nickname-foe" title="Mightyena">Mightyena</span> lost 100% of its health!</small><br></div><div class="spacer"></div><div>The opposing <span class="battle-nickname-foe" title="Mightyena">Mightyena</span> fainted!</div><div class="spacer"></div><div>jojomlo sent out Ursaring!</div><h2>Turn 6</h2><div class="spacer"></div><div><span class="battle-nickname" title="Tapu Lele">Tapu Lele</span> used <strong>Calm Mind</strong>!</div><div><small><span class="battle-nickname" title="Tapu Lele">Tapu Lele</span>'s Special Attack rose! <span class="battle-nickname" title="Tapu Lele">Tapu Lele</span>'s Special Defense rose! </small></div><div class="spacer"></div><div>The opposing <span class="battle-nickname-foe" title="Ursaring">Ursaring</span> used <strong>Swords Dance</strong>!</div><div><small>The opposing <span class="battle-nickname-foe" title="Ursaring">Ursaring</span>'s Attack rose sharply! </small></div><div class="spacer"></div><div><small>The opposing <span class="battle-nickname-foe" title="Ursaring">Ursaring</span> was burned by the Flame Orb!</small></div><h2>Turn 7</h2><div class="spacer"></div><div>The opposing <span class="battle-nickname-foe" title="Ursaring">Ursaring</span> used <strong>Protect</strong>!</div><div><small>The opposing <span class="battle-nickname-foe" title="Ursaring">Ursaring</span> protected itself!</small></div><div class="spacer"></div><div><span class="battle-nickname" title="Tapu Lele">Tapu Lele</span> used <strong>Moonblast</strong>!</div><div><small>The opposing <span class="battle-nickname-foe" title="Ursaring">Ursaring</span> protected itself!</small></div><div class="spacer"></div><div><small>The opposing <span class="battle-nickname-foe" title="Ursaring">Ursaring</span> was hurt by its burn!</small></div><h2>Turn 8</h2><div class="spacer"></div><div><span class="battle-nickname" title="Tapu Lele">Tapu Lele</span> used <strong>Moonblast</strong>!</div><div><small>The opposing <span class="battle-nickname-foe" title="Ursaring">Ursaring</span> lost 70% of its health!</small><br></div><div class="spacer"></div><div>The opposing <span class="battle-nickname-foe" title="Ursaring">Ursaring</span> used <strong>Facade</strong>!</div><div><small><span class="battle-nickname" title="Tapu Lele">Tapu Lele</span> lost 100% of its health!</small><br></div><div class="spacer"></div><div><span class="battle-nickname" title="Tapu Lele">Tapu Lele</span> fainted!</div><div class="spacer"></div><div><small>The opposing <span class="battle-nickname-foe" title="Ursaring">Ursaring</span> was hurt by its burn!</small></div><div class="spacer"></div><div>Go! Samurott!</div><h2>Turn 9</h2><div class="spacer"></div><div><span class="battle-nickname" title="Samurott">Samurott</span> used <strong>Aqua Jet</strong>!</div><div><small>The opposing <span class="battle-nickname-foe" title="Ursaring">Ursaring</span> surrounds itself with psychic terrain!</small></div><div class="spacer"></div><div>The opposing <span class="battle-nickname-foe" title="Ursaring">Ursaring</span> used <strong>Facade</strong>!</div><div><small><span class="battle-nickname" title="Samurott">Samurott</span> lost 100% of its health!</small><br></div><div class="spacer"></div><div><span class="battle-nickname" title="Samurott">Samurott</span> fainted!</div><div class="spacer"></div><div><small>The opposing <span class="battle-nickname-foe" title="Ursaring">Ursaring</span> was hurt by its burn!</small></div><div><small>The weirdness disappeared from the battlefield!</small></div><div class="spacer"></div><div>Go! Froslass!</div><h2>Turn 10</h2><div class="spacer"></div><div><span class="battle-nickname" title="Froslass">Froslass</span> used <strong>Ice Beam</strong>!</div><div><small>The opposing <span class="battle-nickname-foe" title="Ursaring">Ursaring</span> lost 11% of its health!</small><br></div><div class="spacer"></div><div>The opposing <span class="battle-nickname-foe" title="Ursaring">Ursaring</span> fainted!</div><div class="spacer"></div><div>jojomlo sent out Phione!</div><h2>Turn 11</h2><div class="spacer"></div><div><span class="battle-nickname" title="Froslass">Froslass</span> used <strong>Spikes</strong>!</div><div><small>Spikes were scattered on the ground all around the opposing team!</small></div><div class="spacer"></div><div>The opposing <span class="battle-nickname-foe" title="Phione">Phione</span> used <strong>Rain Dance</strong>!</div><div><small>It started to rain!</small></div><h2>Turn 12</h2><div class="spacer"></div><div><span class="battle-nickname" title="Froslass">Froslass</span> used <strong>Ice Beam</strong>!</div><div><small>It's not very effective... </small><small>The opposing <span class="battle-nickname-foe" title="Phione">Phione</span> lost 14% of its health!</small><br></div><div class="spacer"></div><div>The opposing <span class="battle-nickname-foe" title="Phione">Phione</span> used <strong>Scald</strong>!</div><div><small><span class="battle-nickname" title="Froslass">Froslass</span> lost 50% of its health!</small><br></div><div><small>[<span class="battle-nickname" title="Froslass">Froslass</span>'s Cursed Body!]</small></div><div><small>The opposing <span class="battle-nickname-foe" title="Phione">Phione</span>'s Scald was disabled!</small></div><div class="spacer"></div><div><small><span class="battle-nickname" title="Froslass">Froslass</span> restored a little HP using its Leftovers!</small></div><h2>Turn 13</h2><div class="spacer"></div><div><span class="battle-nickname" title="Froslass">Froslass</span> used <strong>Spikes</strong>!</div><div><small>Spikes were scattered on the ground all around the opposing team!</small></div><div class="spacer"></div><div>The opposing <span class="battle-nickname-foe" title="Phione">Phione</span> used <strong>U-turn</strong>!</div><div><small>It's not very effective... </small><small><span class="battle-nickname" title="Froslass">Froslass</span> lost 11% of its health!</small><br></div><div class="spacer"></div><div>The opposing <span class="battle-nickname-foe" title="Phione">Phione</span> went back to jojomlo!</div><div class="spacer"></div><div>jojomlo sent out Jolteon!</div><div><small>The opposing <span class="battle-nickname-foe" title="Jolteon">Jolteon</span> is hurt by the spikes!</small></div><div class="spacer"></div><div><small>The opposing <span class="battle-nickname-foe" title="Jolteon">Jolteon</span> restored a little HP using its Leftovers!</small></div><div><small><span class="battle-nickname" title="Froslass">Froslass</span> restored a little HP using its Leftovers!</small></div><h2>Turn 14</h2><div class="spacer"></div><div>The opposing <span class="battle-nickname-foe" title="Jolteon">Jolteon</span> used <strong>Substitute</strong>!</div><div><small>The opposing <span class="battle-nickname-foe" title="Jolteon">Jolteon</span> put in a substitute!</small></div><div><small>The opposing <span class="battle-nickname-foe" title="Jolteon">Jolteon</span> lost 25% of its health!</small><br></div><div class="spacer"></div><div><span class="battle-nickname" title="Froslass">Froslass</span> used <strong>Destiny Bond</strong>!</div><div><small><span class="battle-nickname" title="Froslass">Froslass</span> is hoping to take its attacker down with it!</small></div><div class="spacer"></div><div><small>The opposing <span class="battle-nickname-foe" title="Jolteon">Jolteon</span> restored a little HP using its Leftovers!</small></div><div><small><span class="battle-nickname" title="Froslass">Froslass</span> restored a little HP using its Leftovers!</small></div><h2>Turn 15</h2><div class="spacer"></div><div>The opposing <span class="battle-nickname-foe" title="Jolteon">Jolteon</span> used <strong>Thunderbolt</strong>!</div><div><small><span class="battle-nickname" title="Froslass">Froslass</span> lost 43% of its health!</small><br></div><div class="spacer"></div><div><span class="battle-nickname" title="Froslass">Froslass</span> used <strong>Ice Beam</strong>!</div><div><small>The opposing <span class="battle-nickname-foe" title="Jolteon">Jolteon</span>'s substitute faded!</small></div><div class="spacer"></div><div><small>The opposing <span class="battle-nickname-foe" title="Jolteon">Jolteon</span> restored a little HP using its Leftovers!</small></div><div><small><span class="battle-nickname" title="Froslass">Froslass</span> restored a little HP using its Leftovers!</small></div><h2>Turn 16</h2><div class="spacer"></div><div>The opposing <span class="battle-nickname-foe" title="Jolteon">Jolteon</span> used <strong>Substitute</strong>!</div><div><small>The opposing <span class="battle-nickname-foe" title="Jolteon">Jolteon</span> put in a substitute!</small></div><div><small>The opposing <span class="battle-nickname-foe" title="Jolteon">Jolteon</span> lost 25% of its health!</small><br></div><div class="spacer"></div><div><span class="battle-nickname" title="Froslass">Froslass</span> used <strong>Destiny Bond</strong>!</div><div><small><span class="battle-nickname" title="Froslass">Froslass</span> is hoping to take its attacker down with it!</small></div><div class="spacer"></div><div><small>The opposing <span class="battle-nickname-foe" title="Jolteon">Jolteon</span> restored a little HP using its Leftovers!</small></div><div><small><span class="battle-nickname" title="Froslass">Froslass</span> restored a little HP using its Leftovers!</small></div><h2>Turn 17</h2><div class="spacer"></div><div>The opposing <span class="battle-nickname-foe" title="Jolteon">Jolteon</span> used <strong>Thunderbolt</strong>!</div><div><small><span class="battle-nickname" title="Froslass">Froslass</span> lost 24% of its health!</small><br></div><div class="spacer"></div><div><span class="battle-nickname" title="Froslass">Froslass</span> fainted!</div><div><small><span class="battle-nickname" title="Froslass">Froslass</span> took its attacker down with it!</small></div><div class="spacer"></div><div>The opposing <span class="battle-nickname-foe" title="Jolteon">Jolteon</span> fainted!</div><div class="spacer"></div><div>jojomlo sent out Rayquaza!</div><div class="spacer"></div><div>Go! Tyranitar!</div><div><small>[Opposing <span class="battle-nickname-foe" title="Rayquaza">Rayquaza</span>'s Air Lock!]</small></div><div><small>The effects of the weather disappeared.</small></div><div><small>[<span class="battle-nickname" title="Tyranitar">Tyranitar</span>'s Sand Stream!]</small></div><div><small>A sandstorm kicked up!</small></div><h2>Turn 18</h2><div class="spacer"></div><div><small><span class="battle-nickname" title="Tyranitar-Mega">Tyranitar</span>'s Tyranitarite is reacting to FeLa7's Mega Bracelet!<br><span class="battle-nickname" title="Tyranitar-Mega">Tyranitar</span> has Mega Evolved into Mega Tyranitar!</small></div><div class="spacer"></div><div>The opposing <span class="battle-nickname-foe" title="Rayquaza">Rayquaza</span> used <strong>Outrage</strong>!</div><div><small><span class="battle-nickname" title="Tyranitar-Mega">Tyranitar</span> lost 40% of its health!</small><br></div><div class="spacer"></div><div><span class="battle-nickname" title="Tyranitar-Mega">Tyranitar</span> used <strong>Ice Punch</strong>!</div><div><small>It's super effective! </small><small>The opposing <span class="battle-nickname-foe" title="Rayquaza">Rayquaza</span> lost 100% of its health!</small><br></div><div class="spacer"></div><div>The opposing <span class="battle-nickname-foe" title="Rayquaza">Rayquaza</span> fainted!</div><div><small>The sandstorm is raging.</small></div><div class="spacer"></div><div>jojomlo sent out Phione!</div><div><small>The opposing <span class="battle-nickname-foe" title="Phione">Phione</span> is hurt by the spikes!</small></div><h2>Turn 19</h2><div class="spacer"></div><div>The opposing <span class="battle-nickname-foe" title="Phione">Phione</span> used <strong>Rain Dance</strong>!</div><div><small>It started to rain!</small></div><div class="spacer"></div><div><span class="battle-nickname" title="Tyranitar-Mega">Tyranitar</span> used <strong>Crunch</strong>!</div><div><small>A critical hit! </small><small>The opposing <span class="battle-nickname-foe" title="Phione">Phione</span> lost 69% of its health!</small><br></div><div class="spacer"></div><div>The opposing <span class="battle-nickname-foe" title="Phione">Phione</span> fainted!</div><div class="spacer"></div><div>FeLa7 won the battle!</div><div class="chat"><small>jojomlo left.</small></div></div></div>
</div>
<script>
var daily = Math.floor(Date.now()/1000/60/60/24);document.write('<script src="https://play.pokemonshowdown.com/js/replay-embed.js?version'+daily+'"></'+'script>');
</script>
