<!DOCTYPE html>
<meta charset="utf-8" />
<!-- version 1 -->
<title>[Gen 7] Random Battle replay: firemen416 vs. JorMxDos</title>
<style>
html,body {font-family:Verdana, sans-serif;font-size:10pt;margin:0;padding:0;}body{padding:12px 0;} .battle-log {font-family:Verdana, sans-serif;font-size:10pt;} .battle-log-inline {border:1px solid #AAAAAA;background:#EEF2F5;color:black;max-width:640px;margin:0 auto 80px;padding-bottom:5px;} .battle-log .inner {padding:4px 8px 0px 8px;} .battle-log .inner-preempt {padding:0 8px 4px 8px;} .battle-log .inner-after {margin-top:0.5em;} .battle-log h2 {margin:0.5em -8px;padding:4px 8px;border:1px solid #AAAAAA;background:#E0E7EA;border-left:0;border-right:0;font-family:Verdana, sans-serif;font-size:13pt;} .battle-log .chat {vertical-align:middle;padding:3px 0 3px 0;font-size:8pt;} .battle-log .chat strong {color:#40576A;} .battle-log .chat em {padding:1px 4px 1px 3px;color:#000000;font-style:normal;} .chat.mine {background:rgba(0,0,0,0.05);margin-left:-8px;margin-right:-8px;padding-left:8px;padding-right:8px;} .spoiler {color:#BBBBBB;background:#BBBBBB;padding:0px 3px;} .spoiler:hover, .spoiler:active, .spoiler-shown {color:#000000;background:#E2E2E2;padding:0px 3px;} .spoiler a {color:#BBBBBB;} .spoiler:hover a, .spoiler:active a, .spoiler-shown a {color:#2288CC;} .chat code, .chat .spoiler:hover code, .chat .spoiler:active code, .chat .spoiler-shown code {border:1px solid #C0C0C0;background:#EEEEEE;color:black;padding:0 2px;} .chat .spoiler code {border:1px solid #CCCCCC;background:#CCCCCC;color:#CCCCCC;} .battle-log .rated {padding:3px 4px;} .battle-log .rated strong {color:white;background:#89A;padding:1px 4px;border-radius:4px;} .spacer {margin-top:0.5em;} .message-announce {background:#6688AA;color:white;padding:1px 4px 2px;} .message-announce a, .broadcast-green a, .broadcast-blue a, .broadcast-red a {color:#DDEEFF;} .broadcast-green {background-color:#559955;color:white;padding:2px 4px;} .broadcast-blue {background-color:#6688AA;color:white;padding:2px 4px;} .infobox {border:1px solid #6688AA;padding:2px 4px;} .infobox-limited {max-height:200px;overflow:auto;overflow-x:hidden;} .broadcast-red {background-color:#AA5544;color:white;padding:2px 4px;} .message-learn-canlearn {font-weight:bold;color:#228822;text-decoration:underline;} .message-learn-cannotlearn {font-weight:bold;color:#CC2222;text-decoration:underline;} .message-effect-weak {font-weight:bold;color:#CC2222;} .message-effect-resist {font-weight:bold;color:#6688AA;} .message-effect-immune {font-weight:bold;color:#666666;} .message-learn-list {margin-top:0;margin-bottom:0;} .message-throttle-notice, .message-error {color:#992222;} .message-overflow, .chat small.message-overflow {font-size:0pt;} .message-overflow::before {font-size:9pt;content:'...';} .subtle {color:#3A4A66;}
</style>
<div class="wrapper replay-wrapper" style="max-width:1180px;margin:0 auto">
<input type="hidden" name="replayid" value="gen7randombattle-566945401" />
<div class="battle"></div><div class="battle-log"></div><div class="replay-controls"></div><div class="replay-controls-2"></div>
<h1 style="font-weight:normal;text-align:center"><strong>[Gen 7] Random Battle</strong><br /><a href="http://pokemonshowdown.com/users/firemen416" class="subtle" target="_blank">firemen416</a> vs. <a href="http://pokemonshowdown.com/users/jormxdos" class="subtle" target="_blank">JorMxDos</a></h1>
<script type="text/plain" class="battle-log-data">|j|firemen416
|j|JorMxDos
|player|p1|firemen416|2
|player|p2|JorMxDos|266
|gametype|singles
|gen|7
|tier|[Gen 7] Random Battle
|rated
|seed|2339,64651,13480,24715,30004,56538,60652,21027,5688,28305,43382,16293
|rule|Sleep Clause Mod: Limit one foe put to sleep
|rule|HP Percentage Mod: HP is shown in percentages
|
|start
|switch|p1a: Arcanine|Arcanine, L77, M|100\/100
|switch|p2a: Tsareena|Tsareena, L77, F|100\/100
|turn|1
|choice|move flareblitz|move uturn
|
|move|p2a: Tsareena|U-turn|p1a: Arcanine
|-resisted|p1a: Arcanine
|-damage|p1a: Arcanine|89\/100
|choice||switch 6
|
|switch|p2a: Tyranitar|Tyranitar, L75, M|100\/100
|-weather|Sandstorm|[from] ability: Sand Stream|[of] p2a: Tyranitar
|move|p1a: Arcanine|Flare Blitz|p2a: Tyranitar
|-resisted|p2a: Tyranitar
|-damage|p2a: Tyranitar|79\/100
|-damage|p1a: Arcanine|82\/100|[from] recoil|[of] p2a: Tyranitar
|
|-weather|Sandstorm|[upkeep]
|-damage|p1a: Arcanine|76\/100|[from] sandstorm
|-heal|p1a: Arcanine|82\/100|[from] item: Leftovers
|-heal|p2a: Tyranitar|86\/100|[from] item: Leftovers
|upkeep
|turn|2
|choice|move closecombat|move stealthrock
|
|move|p1a: Arcanine|Close Combat|p2a: Tyranitar
|-supereffective|p2a: Tyranitar
|-damage|p2a: Tyranitar|0 fnt
|-unboost|p1a: Arcanine|def|1
|-unboost|p1a: Arcanine|spd|1
|faint|p2a: Tyranitar
|
|-weather|Sandstorm|[upkeep]
|-damage|p1a: Arcanine|76\/100|[from] sandstorm
|-heal|p1a: Arcanine|82\/100|[from] item: Leftovers
|upkeep
|choice||switch 4
|
|switch|p2a: Quagsire|Quagsire, L79, F|100\/100
|turn|3
|choice|switch 3|move toxic
|
|switch|p1a: Leavanny|Leavanny, L75, M|100\/100
|move|p2a: Quagsire|Toxic|p1a: Leavanny
|-status|p1a: Leavanny|tox
|
|-weather|Sandstorm|[upkeep]
|-damage|p1a: Leavanny|95\/100 tox|[from] psn
|upkeep
|turn|4
|choice|move swordsdance|switch 2
|
|switch|p2a: Swellow|Swellow, L79, M|100\/100
|move|p1a: Leavanny|Swords Dance|p1a: Leavanny
|-boost|p1a: Leavanny|atk|2
|
|-weather|Sandstorm|[upkeep]
|-damage|p2a: Swellow|94\/100|[from] sandstorm
|-heal|p1a: Leavanny|100\/100 tox|[from] item: Leftovers
|-damage|p1a: Leavanny|89\/100 tox|[from] psn
|-status|p2a: Swellow|brn|[from] item: Flame Orb
|upkeep
|turn|5
|choice|move batonpass|move facade
|
|move|p2a: Swellow|Facade|p1a: Leavanny
|-damage|p1a: Leavanny|1\/100 tox
|move|p1a: Leavanny|Baton Pass|p1a: Leavanny
|c|☆JorMxDos|lol
|choice|switch 3|
|
|switch|p1a: Arcanine|Arcanine, L77, M|82\/100
|
|-weather|none
|-heal|p1a: Arcanine|88\/100|[from] item: Leftovers
|-damage|p2a: Swellow|88\/100 brn|[from] brn
|upkeep
|turn|6
|choice|move flareblitz|move facade
|
|move|p2a: Swellow|Facade|p1a: Arcanine
|-damage|p1a: Arcanine|11\/100
|move|p1a: Arcanine|Flare Blitz|p2a: Swellow
|-damage|p2a: Swellow|0 fnt
|-damage|p1a: Arcanine|0 fnt|[from] recoil|[of] p2a: Swellow
|faint|p2a: Swellow
|faint|p1a: Arcanine
|
|upkeep
|choice|switch 4|switch 6
|
|switch|p1a: Volcarona|Volcarona, L75, F|100\/100
|switch|p2a: Tsareena|Tsareena, L77, F|100\/100
|turn|7
|choice|move quiverdance|move uturn
|
|move|p2a: Tsareena|U-turn|p1a: Volcarona
|-resisted|p1a: Volcarona
|-damage|p1a: Volcarona|87\/100
|choice||switch 2
|
|switch|p2a: Quagsire|Quagsire, L79, F|100\/100
|move|p1a: Volcarona|Quiver Dance|p1a: Volcarona
|-boost|p1a: Volcarona|spa|1
|-boost|p1a: Volcarona|spd|1
|-boost|p1a: Volcarona|spe|1
|
|upkeep
|turn|8
|choice|move gigadrain|move earthquake
|
|move|p1a: Volcarona|Giga Drain|p2a: Quagsire
|-supereffective|p2a: Quagsire
|-damage|p2a: Quagsire|0 fnt
|-heal|p1a: Volcarona|100\/100|[from] drain|[of] p2a: Quagsire
|-damage|p1a: Volcarona|91\/100|[from] item: Life Orb
|faint|p2a: Quagsire
|
|upkeep
|choice||switch 3
|
|switch|p2a: Medicham|Medicham, L75, M|100\/100
|turn|9
|choice|move bugbuzz|move fakeout mega
|
|detailschange|p2a: Medicham|Medicham-Mega, L75, M
|-mega|p2a: Medicham|Medicham|Medichamite
|move|p2a: Medicham|Fake Out|p1a: Volcarona
|-damage|p1a: Volcarona|62\/100
|cant|p1a: Volcarona|flinch
|
|upkeep
|turn|10
|choice|move bugbuzz|move highjumpkick
|
|move|p1a: Volcarona|Bug Buzz|p2a: Medicham
|-damage|p2a: Medicham|0 fnt
|-damage|p1a: Volcarona|52\/100|[from] item: Life Orb
|faint|p2a: Medicham
|
|upkeep
|c|☆JorMxDos|gg
|choice||switch 2
|
|switch|p2a: Tsareena|Tsareena, L77, F|100\/100
|turn|11
|c|☆firemen416|gg
|choice|move fierydance|move tropkick
|
|move|p1a: Volcarona|Fiery Dance|p2a: Tsareena
|-supereffective|p2a: Tsareena
|-damage|p2a: Tsareena|0 fnt
|-damage|p1a: Volcarona|42\/100|[from] item: Life Orb
|faint|p2a: Tsareena
|
|upkeep
|choice||switch 5
|
|switch|p2a: Abomasnow|Abomasnow, L79, F|100\/100
|-weather|Hail|[from] ability: Snow Warning|[of] p2a: Abomasnow
|turn|12
|choice|move fierydance|move iceshard
|
|move|p2a: Abomasnow|Ice Shard|p1a: Volcarona
|-resisted|p1a: Volcarona
|-damage|p1a: Volcarona|32\/100
|move|p1a: Volcarona|Fiery Dance|p2a: Abomasnow
|-supereffective|p2a: Abomasnow
|-damage|p2a: Abomasnow|0 fnt
|-boost|p1a: Volcarona|spa|1
|-damage|p1a: Volcarona|22\/100|[from] item: Life Orb
|faint|p2a: Abomasnow
|
|win|firemen416</script>
</div>
<div class="battle-log battle-log-inline"><div class="inner"><div class="chat"><small>firemen416 joined.</small></div><div class="chat"><small>JorMxDos joined.</small></div><div style="padding:5px 0"><small>Format:</small> <br><strong>[Gen 7] Random Battle</strong></div><div class="rated"><strong>Rated battle</strong></div><div><small><em>Sleep Clause Mod:</em> Limit one foe put to sleep</small></div><div><small><em>HP Percentage Mod:</em> HP is shown in percentages</small></div><div>Battle between firemen416 and JorMxDos started!</div><div class="spacer"></div><div>Go! Arcanine!</div><div class="spacer"></div><div>JorMxDos sent out Tsareena!</div><h2>Turn 1</h2><div class="spacer"></div><div>The opposing <span class="battle-nickname-foe" title="Tsareena">Tsareena</span> used <strong>U-turn</strong>!</div><div><small>It's not very effective... </small><small><span class="battle-nickname" title="Arcanine">Arcanine</span> lost 11% of its health!</small><br></div><div class="spacer"></div><div>The opposing <span class="battle-nickname-foe" title="Tsareena">Tsareena</span> went back to JorMxDos!</div><div class="spacer"></div><div>JorMxDos sent out Tyranitar!</div><div><small>[Opposing <span class="battle-nickname-foe" title="Tyranitar">Tyranitar</span>'s Sand Stream!]</small></div><div><small>A sandstorm kicked up!</small></div><div class="spacer"></div><div><span class="battle-nickname" title="Arcanine">Arcanine</span> used <strong>Flare Blitz</strong>!</div><div><small>It's not very effective... </small><small>The opposing <span class="battle-nickname-foe" title="Tyranitar">Tyranitar</span> lost 21% of its health!</small><br></div><div><small><span class="battle-nickname" title="Arcanine">Arcanine</span> is damaged by the recoil!</small></div><div><small>The sandstorm is raging.</small></div><div class="spacer"></div><div><small><span class="battle-nickname" title="Arcanine">Arcanine</span> is buffeted by the sandstorm!</small></div><div><small><span class="battle-nickname" title="Arcanine">Arcanine</span> restored a little HP using its Leftovers!</small></div><div><small>The opposing <span class="battle-nickname-foe" title="Tyranitar">Tyranitar</span> restored a little HP using its Leftovers!</small></div><h2>Turn 2</h2><div class="spacer"></div><div><span class="battle-nickname" title="Arcanine">Arcanine</span> used <strong>Close Combat</strong>!</div><div><small>It's super effective! </small><small>The opposing <span class="battle-nickname-foe" title="Tyranitar">Tyranitar</span> lost 86% of its health!</small><br></div><div><small><span class="battle-nickname" title="Arcanine">Arcanine</span>'s Defense fell! <span class="battle-nickname" title="Arcanine">Arcanine</span>'s Special Defense fell! </small></div><div class="spacer"></div><div>The opposing <span class="battle-nickname-foe" title="Tyranitar">Tyranitar</span> fainted!</div><div><small>The sandstorm is raging.</small></div><div class="spacer"></div><div><small><span class="battle-nickname" title="Arcanine">Arcanine</span> is buffeted by the sandstorm!</small></div><div><small><span class="battle-nickname" title="Arcanine">Arcanine</span> restored a little HP using its Leftovers!</small></div><div class="spacer"></div><div>JorMxDos sent out Quagsire!</div><h2>Turn 3</h2><div class="spacer"></div><div><span class="battle-nickname" title="Arcanine">Arcanine</span>, come back!</div><div class="spacer"></div><div>Go! Leavanny!</div><div class="spacer"></div><div>The opposing <span class="battle-nickname-foe" title="Quagsire">Quagsire</span> used <strong>Toxic</strong>!</div><div><small><span class="battle-nickname" title="Leavanny">Leavanny</span> was badly poisoned!</small></div><div><small>The sandstorm is raging.</small></div><div class="spacer"></div><div><small><span class="battle-nickname" title="Leavanny">Leavanny</span> was hurt by poison!</small></div><h2>Turn 4</h2><div class="spacer"></div><div>JorMxDos withdrew Quagsire!</div><div class="spacer"></div><div>JorMxDos sent out Swellow!</div><div class="spacer"></div><div><span class="battle-nickname" title="Leavanny">Leavanny</span> used <strong>Swords Dance</strong>!</div><div><small><span class="battle-nickname" title="Leavanny">Leavanny</span>'s Attack rose sharply! </small></div><div><small>The sandstorm is raging.</small></div><div class="spacer"></div><div><small>The opposing <span class="battle-nickname-foe" title="Swellow">Swellow</span> is buffeted by the sandstorm!</small></div><div><small><span class="battle-nickname" title="Leavanny">Leavanny</span> restored a little HP using its Leftovers!</small></div><div><small><span class="battle-nickname" title="Leavanny">Leavanny</span> was hurt by poison!</small></div><div><small>The opposing <span class="battle-nickname-foe" title="Swellow">Swellow</span> was burned by the Flame Orb!</small></div><h2>Turn 5</h2><div class="spacer"></div><div>The opposing <span class="battle-nickname-foe" title="Swellow">Swellow</span> used <strong>Facade</strong>!</div><div><small><span class="battle-nickname" title="Leavanny">Leavanny</span> lost 88% of its health!</small><br></div><div class="spacer"></div><div><span class="battle-nickname" title="Leavanny">Leavanny</span> used <strong>Baton Pass</strong>!</div><div class="chat chatmessage-jormxdos"><strong style="color:hsl(149,58%,34%);"><small>☆</small><span class="username" data-name="JorMxDos">JorMxDos</span>:</strong> <em>lol</em></div><div class="spacer"></div><div>Go! Arcanine!</div><div class="spacer"></div><div><small>The sandstorm subsided.</small></div><div><small><span class="battle-nickname" title="Arcanine">Arcanine</span> restored a little HP using its Leftovers!</small></div><div><small>The opposing <span class="battle-nickname-foe" title="Swellow">Swellow</span> was hurt by its burn!</small></div><h2>Turn 6</h2><div class="spacer"></div><div>The opposing <span class="battle-nickname-foe" title="Swellow">Swellow</span> used <strong>Facade</strong>!</div><div><small><span class="battle-nickname" title="Arcanine">Arcanine</span> lost 77% of its health!</small><br></div><div class="spacer"></div><div><span class="battle-nickname" title="Arcanine">Arcanine</span> used <strong>Flare Blitz</strong>!</div><div><small>The opposing <span class="battle-nickname-foe" title="Swellow">Swellow</span> lost 88% of its health!</small><br></div><div><small><span class="battle-nickname" title="Arcanine">Arcanine</span> is damaged by the recoil!</small></div><div class="spacer"></div><div>The opposing <span class="battle-nickname-foe" title="Swellow">Swellow</span> fainted!</div><div class="spacer"></div><div><span class="battle-nickname" title="Arcanine">Arcanine</span> fainted!</div><div class="spacer"></div><div>Go! Volcarona!</div><div class="spacer"></div><div>JorMxDos sent out Tsareena!</div><h2>Turn 7</h2><div class="spacer"></div><div>The opposing <span class="battle-nickname-foe" title="Tsareena">Tsareena</span> used <strong>U-turn</strong>!</div><div><small>It's not very effective... </small><small><span class="battle-nickname" title="Volcarona">Volcarona</span> lost 13% of its health!</small><br></div><div class="spacer"></div><div>The opposing <span class="battle-nickname-foe" title="Tsareena">Tsareena</span> went back to JorMxDos!</div><div class="spacer"></div><div>JorMxDos sent out Quagsire!</div><div class="spacer"></div><div><span class="battle-nickname" title="Volcarona">Volcarona</span> used <strong>Quiver Dance</strong>!</div><div><small><span class="battle-nickname" title="Volcarona">Volcarona</span>'s Special Attack rose! <span class="battle-nickname" title="Volcarona">Volcarona</span>'s Special Defense rose! <span class="battle-nickname" title="Volcarona">Volcarona</span>'s Speed rose! </small></div><h2>Turn 8</h2><div class="spacer"></div><div><span class="battle-nickname" title="Volcarona">Volcarona</span> used <strong>Giga Drain</strong>!</div><div><small>It's super effective! </small><small>The opposing <span class="battle-nickname-foe" title="Quagsire">Quagsire</span> lost 100% of its health!</small><br></div><div><small>The opposing <span class="battle-nickname-foe" title="Quagsire">Quagsire</span> had its energy drained!</small></div><div><small><span class="battle-nickname" title="Volcarona">Volcarona</span> lost some of its HP!</small></div><div class="spacer"></div><div>The opposing <span class="battle-nickname-foe" title="Quagsire">Quagsire</span> fainted!</div><div class="spacer"></div><div>JorMxDos sent out Medicham!</div><h2>Turn 9</h2><div class="spacer"></div><div><small>The opposing <span class="battle-nickname-foe" title="Medicham-Mega">Medicham</span>'s Medichamite is reacting to JorMxDos's Mega Bracelet!<br>The opposing <span class="battle-nickname-foe" title="Medicham-Mega">Medicham</span> has Mega Evolved into Mega Medicham!</small></div><div class="spacer"></div><div>The opposing <span class="battle-nickname-foe" title="Medicham-Mega">Medicham</span> used <strong>Fake Out</strong>!</div><div><small><span class="battle-nickname" title="Volcarona">Volcarona</span> lost 29% of its health!</small><br></div><div class="spacer"></div><div><span class="battle-nickname" title="Volcarona">Volcarona</span> flinched and couldn't move!</div><h2>Turn 10</h2><div class="spacer"></div><div><span class="battle-nickname" title="Volcarona">Volcarona</span> used <strong>Bug Buzz</strong>!</div><div><small>The opposing <span class="battle-nickname-foe" title="Medicham-Mega">Medicham</span> lost 100% of its health!</small><br></div><div><small><span class="battle-nickname" title="Volcarona">Volcarona</span> lost some of its HP!</small></div><div class="spacer"></div><div>The opposing <span class="battle-nickname-foe" title="Medicham-Mega">Medicham</span> fainted!</div><div class="chat chatmessage-jormxdos"><strong style="color:hsl(149,58%,34%);"><small>☆</small><span class="username" data-name="JorMxDos">JorMxDos</span>:</strong> <em>gg</em></div><div class="spacer"></div><div>JorMxDos sent out Tsareena!</div><h2>Turn 11</h2><div class="chat chatmessage-firemen416"><strong style="color:hsl(48,51.50496053333333%,45.49503946666667%);"><small>☆</small><span class="username" data-name="firemen416">firemen416</span>:</strong> <em>gg</em></div><div class="spacer"></div><div><span class="battle-nickname" title="Volcarona">Volcarona</span> used <strong>Fiery Dance</strong>!</div><div><small>It's super effective! </small><small>The opposing <span class="battle-nickname-foe" title="Tsareena">Tsareena</span> lost 100% of its health!</small><br></div><div><small><span class="battle-nickname" title="Volcarona">Volcarona</span> lost some of its HP!</small></div><div class="spacer"></div><div>The opposing <span class="battle-nickname-foe" title="Tsareena">Tsareena</span> fainted!</div><div class="spacer"></div><div>JorMxDos sent out Abomasnow!</div><div><small>[Opposing <span class="battle-nickname-foe" title="Abomasnow">Abomasnow</span>'s Snow Warning!]</small></div><div><small>It started to hail!</small></div><h2>Turn 12</h2><div class="spacer"></div><div>The opposing <span class="battle-nickname-foe" title="Abomasnow">Abomasnow</span> used <strong>Ice Shard</strong>!</div><div><small>It's not very effective... </small><small><span class="battle-nickname" title="Volcarona">Volcarona</span> lost 10% of its health!</small><br></div><div class="spacer"></div><div><span class="battle-nickname" title="Volcarona">Volcarona</span> used <strong>Fiery Dance</strong>!</div><div><small>It's super effective! </small><small>The opposing <span class="battle-nickname-foe" title="Abomasnow">Abomasnow</span> lost 100% of its health!</small><br></div><div><small><span class="battle-nickname" title="Volcarona">Volcarona</span>'s Special Attack rose! </small></div><div><small><span class="battle-nickname" title="Volcarona">Volcarona</span> lost some of its HP!</small></div><div class="spacer"></div><div>The opposing <span class="battle-nickname-foe" title="Abomasnow">Abomasnow</span> fainted!</div><div class="spacer"></div><div>firemen416 won the battle!</div></div></div>
</div>
<script>
var daily = Math.floor(Date.now()/1000/60/60/24);document.write('<script src="https://play.pokemonshowdown.com/js/replay-embed.js?version'+daily+'"></'+'script>');
</script>
