<!DOCTYPE html>
<meta charset="utf-8" />
<!-- version 1 -->
<title>[Gen 7] Random Battle replay: Senor Cleanfist vs. quocbao97</title>
<style>
html,body {font-family:Verdana, sans-serif;font-size:10pt;margin:0;padding:0;}body{padding:12px 0;} .battle-log {font-family:Verdana, sans-serif;font-size:10pt;} .battle-log-inline {border:1px solid #AAAAAA;background:#EEF2F5;color:black;max-width:640px;margin:0 auto 80px;padding-bottom:5px;} .battle-log .inner {padding:4px 8px 0px 8px;} .battle-log .inner-preempt {padding:0 8px 4px 8px;} .battle-log .inner-after {margin-top:0.5em;} .battle-log h2 {margin:0.5em -8px;padding:4px 8px;border:1px solid #AAAAAA;background:#E0E7EA;border-left:0;border-right:0;font-family:Verdana, sans-serif;font-size:13pt;} .battle-log .chat {vertical-align:middle;padding:3px 0 3px 0;font-size:8pt;} .battle-log .chat strong {color:#40576A;} .battle-log .chat em {padding:1px 4px 1px 3px;color:#000000;font-style:normal;} .chat.mine {background:rgba(0,0,0,0.05);margin-left:-8px;margin-right:-8px;padding-left:8px;padding-right:8px;} .spoiler {color:#BBBBBB;background:#BBBBBB;padding:0px 3px;} .spoiler:hover, .spoiler:active, .spoiler-shown {color:#000000;background:#E2E2E2;padding:0px 3px;} .spoiler a {color:#BBBBBB;} .spoiler:hover a, .spoiler:active a, .spoiler-shown a {color:#2288CC;} .chat code, .chat .spoiler:hover code, .chat .spoiler:active code, .chat .spoiler-shown code {border:1px solid #C0C0C0;background:#EEEEEE;color:black;padding:0 2px;} .chat .spoiler code {border:1px solid #CCCCCC;background:#CCCCCC;color:#CCCCCC;} .battle-log .rated {padding:3px 4px;} .battle-log .rated strong {color:white;background:#89A;padding:1px 4px;border-radius:4px;} .spacer {margin-top:0.5em;} .message-announce {background:#6688AA;color:white;padding:1px 4px 2px;} .message-announce a, .broadcast-green a, .broadcast-blue a, .broadcast-red a {color:#DDEEFF;} .broadcast-green {background-color:#559955;color:white;padding:2px 4px;} .broadcast-blue {background-color:#6688AA;color:white;padding:2px 4px;} .infobox {border:1px solid #6688AA;padding:2px 4px;} .infobox-limited {max-height:200px;overflow:auto;overflow-x:hidden;} .broadcast-red {background-color:#AA5544;color:white;padding:2px 4px;} .message-learn-canlearn {font-weight:bold;color:#228822;text-decoration:underline;} .message-learn-cannotlearn {font-weight:bold;color:#CC2222;text-decoration:underline;} .message-effect-weak {font-weight:bold;color:#CC2222;} .message-effect-resist {font-weight:bold;color:#6688AA;} .message-effect-immune {font-weight:bold;color:#666666;} .message-learn-list {margin-top:0;margin-bottom:0;} .message-throttle-notice, .message-error {color:#992222;} .message-overflow, .chat small.message-overflow {font-size:0pt;} .message-overflow::before {font-size:9pt;content:'...';} .subtle {color:#3A4A66;}
</style>
<div class="wrapper replay-wrapper" style="max-width:1180px;margin:0 auto">
<input type="hidden" name="replayid" value="gen7randombattle-566854152" />
<div class="battle"></div><div class="battle-log"></div><div class="replay-controls"></div><div class="replay-controls-2"></div>
<h1 style="font-weight:normal;text-align:center"><strong>[Gen 7] Random Battle</strong><br /><a href="http://pokemonshowdown.com/users/senorcleanfist" class="subtle" target="_blank">Senor Cleanfist</a> vs. <a href="http://pokemonshowdown.com/users/quocbao97" class="subtle" target="_blank">quocbao97</a></h1>
<script type="text/plain" class="battle-log-data">|j|Senor Cleanfist
|j|quocbao97
|player|p1|Senor Cleanfist|69
|player|p2|quocbao97|266
|gametype|singles
|gen|7
|tier|[Gen 7] Random Battle
|rated
|seed|43043,27276,25069,43160,16158,8715,26903,41934,7594,8544,61928,27010
|rule|Sleep Clause Mod: Limit one foe put to sleep
|rule|HP Percentage Mod: HP is shown in percentages
|
|start
|switch|p1a: Tsareena|Tsareena, L77, F|100\/100
|switch|p2a: Clefable|Clefable, L77, M|100\/100
|turn|1
|inactive|Battle timer is ON: inactive players will automatically lose when time's up. (requested by Senor Cleanfist)
|choice|move tropkick|move fireblast
|
|move|p1a: Tsareena|Trop Kick|p2a: Clefable
|-damage|p2a: Clefable|65\/100
|-unboost|p2a: Clefable|atk|1
|move|p2a: Clefable|Fire Blast|p1a: Tsareena
|-supereffective|p1a: Tsareena
|-damage|p1a: Tsareena|33\/100
|
|upkeep
|turn|2
|choice|move tropkick|move fireblast
|
|move|p1a: Tsareena|Trop Kick|p2a: Clefable
|-damage|p2a: Clefable|30\/100
|-unboost|p2a: Clefable|atk|1
|move|p2a: Clefable|Fire Blast|p1a: Tsareena|[miss]
|-miss|p2a: Clefable|p1a: Tsareena
|
|upkeep
|turn|3
|choice|move tropkick|move softboiled
|
|move|p1a: Tsareena|Trop Kick|p2a: Clefable
|-damage|p2a: Clefable|0 fnt
|faint|p2a: Clefable
|
|upkeep
|choice||switch 3
|
|switch|p2a: Drampa|Drampa, L79, F|100\/100
|turn|4
|choice|switch 3|move substitute
|
|switch|p1a: Rhyperior|Rhyperior, L79, M|100\/100
|move|p2a: Drampa|Substitute|p2a: Drampa
|-start|p2a: Drampa|Substitute
|-damage|p2a: Drampa|76\/100
|
|-heal|p2a: Drampa|82\/100|[from] item: Leftovers
|upkeep
|turn|5
|choice|move stealthrock|move hypervoice
|
|move|p1a: Rhyperior|Stealth Rock|p2a: Drampa
|-sidestart|p2: quocbao97|move: Stealth Rock
|move|p2a: Drampa|Hyper Voice|p1a: Rhyperior
|-resisted|p1a: Rhyperior
|-damage|p1a: Rhyperior|74\/100
|
|-heal|p1a: Rhyperior|81\/100|[from] item: Leftovers
|-heal|p2a: Drampa|87\/100|[from] item: Leftovers
|upkeep
|turn|6
|choice|move earthquake|move hypervoice
|
|move|p1a: Rhyperior|Earthquake|p2a: Drampa
|-end|p2a: Drampa|Substitute
|move|p2a: Drampa|Hyper Voice|p1a: Rhyperior
|-resisted|p1a: Rhyperior
|-damage|p1a: Rhyperior|53\/100
|
|-heal|p1a: Rhyperior|59\/100|[from] item: Leftovers
|-heal|p2a: Drampa|93\/100|[from] item: Leftovers
|upkeep
|turn|7
|choice|move earthquake|switch 6
|
|switch|p2a: Cofagrigus|Cofagrigus, L79, M|100\/100
|-damage|p2a: Cofagrigus|88\/100|[from] Stealth Rock
|move|p1a: Rhyperior|Earthquake|p2a: Cofagrigus
|-damage|p2a: Cofagrigus|45\/100
|
|-heal|p1a: Rhyperior|65\/100|[from] item: Leftovers
|-heal|p2a: Cofagrigus|51\/100|[from] item: Leftovers
|upkeep
|turn|8
|choice|switch 4|move willowisp
|
|switch|p1a: Vaporeon|Vaporeon, L75, F|100\/100
|move|p2a: Cofagrigus|Will-O-Wisp|p1a: Vaporeon
|-status|p1a: Vaporeon|brn
|
|-heal|p2a: Cofagrigus|57\/100|[from] item: Leftovers
|-damage|p1a: Vaporeon|95\/100 brn|[from] brn
|upkeep
|turn|9
|choice|move scald|switch 5
|
|switch|p2a: Mandibuzz|Mandibuzz, L77, F|100\/100
|-damage|p2a: Mandibuzz|76\/100|[from] Stealth Rock
|move|p1a: Vaporeon|Scald|p2a: Mandibuzz
|-damage|p2a: Mandibuzz|48\/100
|
|-heal|p2a: Mandibuzz|54\/100|[from] item: Leftovers
|-heal|p1a: Vaporeon|100\/100 brn|[from] item: Leftovers
|-damage|p1a: Vaporeon|95\/100 brn|[from] brn
|upkeep
|turn|10
|choice|move scald|move taunt
|
|move|p2a: Mandibuzz|Taunt|p1a: Vaporeon
|-start|p1a: Vaporeon|move: Taunt
|move|p1a: Vaporeon|Scald|p2a: Mandibuzz
|-damage|p2a: Mandibuzz|27\/100
|
|-heal|p2a: Mandibuzz|33\/100|[from] item: Leftovers
|-heal|p1a: Vaporeon|100\/100 brn|[from] item: Leftovers
|-damage|p1a: Vaporeon|95\/100 brn|[from] brn
|upkeep
|turn|11
|choice|move scald|move whirlwind
|
|move|p1a: Vaporeon|Scald|p2a: Mandibuzz
|-damage|p2a: Mandibuzz|6\/100
|-status|p2a: Mandibuzz|brn
|move|p2a: Mandibuzz|Whirlwind|p1a: Vaporeon
|drag|p1a: Tsareena|Tsareena, L77, F|33\/100
|
|-heal|p2a: Mandibuzz|12\/100 brn|[from] item: Leftovers
|-damage|p2a: Mandibuzz|6\/100 brn|[from] brn
|upkeep
|turn|12
|choice|move uturn|move bravebird
|
|move|p1a: Tsareena|U-turn|p2a: Mandibuzz
|-damage|p2a: Mandibuzz|0 fnt
|faint|p2a: Mandibuzz
|choice|switch 3|
|
|switch|p1a: Vaporeon|Vaporeon, L75, F|95\/100 brn
|
|-heal|p1a: Vaporeon|100\/100 brn|[from] item: Leftovers
|-damage|p1a: Vaporeon|95\/100 brn|[from] brn
|upkeep
|choice||switch 2
|
|switch|p2a: Palkia|Palkia, L73|100\/100
|-damage|p2a: Palkia|88\/100|[from] Stealth Rock
|-ability|p2a: Palkia|Pressure
|turn|13
|choice|move roar|move dragontail
|
|move|p2a: Palkia|Dragon Tail|p1a: Vaporeon
|-damage|p1a: Vaporeon|66\/100 brn
|drag|p1a: Wormadam|Wormadam-Trash, L79, F|100\/100
|
|-heal|p2a: Palkia|94\/100|[from] item: Leftovers
|upkeep
|turn|14
|choice|move protect|move fireblast
|
|move|p1a: Wormadam|Protect|p1a: Wormadam
|-singleturn|p1a: Wormadam|Protect
|move|p2a: Palkia|Fire Blast|p1a: Wormadam
|-activate|p1a: Wormadam|move: Protect
|
|-heal|p2a: Palkia|99\/100|[from] item: Leftovers
|upkeep
|turn|15
|choice|switch 5|move fireblast
|
|switch|p1a: Vaporeon|Vaporeon, L75, F|66\/100 brn
|move|p2a: Palkia|Fire Blast|p1a: Vaporeon
|-resisted|p1a: Vaporeon
|-damage|p1a: Vaporeon|52\/100 brn
|
|-heal|p2a: Palkia|100\/100|[from] item: Leftovers
|-heal|p1a: Vaporeon|58\/100 brn|[from] item: Leftovers
|-damage|p1a: Vaporeon|52\/100 brn|[from] brn
|upkeep
|turn|16
|choice|move scald|move dragontail
|
|move|p1a: Vaporeon|Scald|p2a: Palkia
|-resisted|p2a: Palkia
|-damage|p2a: Palkia|94\/100
|-status|p2a: Palkia|brn
|move|p2a: Palkia|Dragon Tail|p1a: Vaporeon|[miss]
|-miss|p2a: Palkia|p1a: Vaporeon
|
|-heal|p2a: Palkia|99\/100 brn|[from] item: Leftovers
|-heal|p1a: Vaporeon|58\/100 brn|[from] item: Leftovers
|-damage|p2a: Palkia|94\/100 brn|[from] brn
|-damage|p1a: Vaporeon|52\/100 brn|[from] brn
|upkeep
|turn|17
|choice|move wish|move dragontail
|
|move|p1a: Vaporeon|Wish|p1a: Vaporeon
|move|p2a: Palkia|Dragon Tail|p1a: Vaporeon
|-damage|p1a: Vaporeon|40\/100 brn
|drag|p1a: Ampharos|Ampharos, L79, F|100\/100
|
|-heal|p2a: Palkia|99\/100 brn|[from] item: Leftovers
|-damage|p2a: Palkia|94\/100 brn|[from] brn
|upkeep
|turn|18
|choice|move thunderbolt|move dragontail
|
|move|p1a: Ampharos|Thunderbolt|p2a: Palkia
|-crit|p2a: Palkia
|-damage|p2a: Palkia|47\/100 brn
|move|p2a: Palkia|Dragon Tail|p1a: Ampharos
|-damage|p1a: Ampharos|90\/100
|drag|p1a: Tsareena|Tsareena, L77, F|33\/100
|
|-heal|p1a: Tsareena|100\/100|[from] move: Wish|[wisher] Vaporeon
|-heal|p2a: Palkia|53\/100 brn|[from] item: Leftovers
|-damage|p2a: Palkia|47\/100 brn|[from] brn
|upkeep
|turn|19
|choice|move uturn|move fireblast
|
|move|p1a: Tsareena|U-turn|p2a: Palkia
|-damage|p2a: Palkia|26\/100 brn
|choice|switch 6|
|
|switch|p1a: Vaporeon|Vaporeon, L75, F|40\/100 brn
|move|p2a: Palkia|Fire Blast|p1a: Vaporeon
|-resisted|p1a: Vaporeon
|-damage|p1a: Vaporeon|26\/100 brn
|
|-heal|p2a: Palkia|32\/100 brn|[from] item: Leftovers
|-heal|p1a: Vaporeon|32\/100 brn|[from] item: Leftovers
|-damage|p2a: Palkia|26\/100 brn|[from] brn
|-damage|p1a: Vaporeon|26\/100 brn|[from] brn
|upkeep
|turn|20
|choice|move wish|move dragontail
|
|move|p1a: Vaporeon|Wish|p1a: Vaporeon
|move|p2a: Palkia|Dragon Tail|p1a: Vaporeon
|-damage|p1a: Vaporeon|11\/100 brn
|drag|p1a: Ampharos|Ampharos, L79, F|90\/100
|
|-heal|p2a: Palkia|32\/100 brn|[from] item: Leftovers
|-damage|p2a: Palkia|26\/100 brn|[from] brn
|upkeep
|turn|21
|choice|switch 3|move hydropump
|
|switch|p1a: Vaporeon|Vaporeon, L75, F|11\/100 brn
|move|p2a: Palkia|Hydro Pump|p1a: Vaporeon
|-heal|p1a: Vaporeon|36\/100 brn|[from] ability: Water Absorb|[of] p2a: Palkia
|
|-heal|p1a: Vaporeon|86\/100 brn|[from] move: Wish|[wisher] Vaporeon
|-heal|p2a: Palkia|32\/100 brn|[from] item: Leftovers
|-heal|p1a: Vaporeon|92\/100 brn|[from] item: Leftovers
|-damage|p2a: Palkia|26\/100 brn|[from] brn
|-damage|p1a: Vaporeon|86\/100 brn|[from] brn
|upkeep
|turn|22
|choice|move roar|move dragontail
|
|move|p2a: Palkia|Dragon Tail|p1a: Vaporeon
|-damage|p1a: Vaporeon|74\/100 brn
|drag|p1a: Tsareena|Tsareena, L77, F|100\/100
|
|-heal|p2a: Palkia|32\/100 brn|[from] item: Leftovers
|-damage|p2a: Palkia|26\/100 brn|[from] brn
|upkeep
|turn|23
|choice|move uturn|move fireblast
|
|move|p1a: Tsareena|U-turn|p2a: Palkia
|-damage|p2a: Palkia|6\/100 brn
|choice|switch 6|
|
|switch|p1a: Vaporeon|Vaporeon, L75, F|74\/100 brn
|move|p2a: Palkia|Fire Blast|p1a: Vaporeon
|-resisted|p1a: Vaporeon
|-crit|p1a: Vaporeon
|-damage|p1a: Vaporeon|55\/100 brn
|
|-heal|p2a: Palkia|12\/100 brn|[from] item: Leftovers
|-heal|p1a: Vaporeon|61\/100 brn|[from] item: Leftovers
|-damage|p2a: Palkia|6\/100 brn|[from] brn
|-damage|p1a: Vaporeon|55\/100 brn|[from] brn
|upkeep
|turn|24
|choice|move wish|switch 4
|
|switch|p2a: Dugtrio|Dugtrio-Alola, L79, M|100\/100
|-damage|p2a: Dugtrio|98\/100|[from] Stealth Rock
|move|p1a: Vaporeon|Wish|p1a: Vaporeon
|
|-heal|p1a: Vaporeon|61\/100 brn|[from] item: Leftovers
|-damage|p1a: Vaporeon|55\/100 brn|[from] brn
|upkeep
|turn|25
|choice|move scald|move ironhead
|
|move|p2a: Dugtrio|Iron Head|p1a: Vaporeon
|-resisted|p1a: Vaporeon
|-damage|p1a: Vaporeon|37\/100 brn
|move|p1a: Vaporeon|Scald|p2a: Dugtrio
|-supereffective|p2a: Dugtrio
|-damage|p2a: Dugtrio|0 fnt
|faint|p2a: Dugtrio
|
|-heal|p1a: Vaporeon|87\/100 brn|[from] move: Wish|[wisher] Vaporeon
|-heal|p1a: Vaporeon|93\/100 brn|[from] item: Leftovers
|-damage|p1a: Vaporeon|87\/100 brn|[from] brn
|upkeep
|choice||switch 6
|
|switch|p2a: Drampa|Drampa, L79, F|93\/100
|-damage|p2a: Drampa|81\/100|[from] Stealth Rock
|turn|26
|-message|quocbao97 forfeited.
|
|win|Senor Cleanfist
|l|quocbao97</script>
</div>
<div class="battle-log battle-log-inline"><div class="inner"><div class="chat"><small>Senor Cleanfist joined.</small></div><div class="chat"><small>quocbao97 joined.</small></div><div style="padding:5px 0"><small>Format:</small> <br><strong>[Gen 7] Random Battle</strong></div><div class="rated"><strong>Rated battle</strong></div><div><small><em>Sleep Clause Mod:</em> Limit one foe put to sleep</small></div><div><small><em>HP Percentage Mod:</em> HP is shown in percentages</small></div><div>Battle between Senor Cleanfist and quocbao97 started!</div><div class="spacer"></div><div>Go! Tsareena!</div><div class="spacer"></div><div>quocbao97 sent out Clefable!</div><h2>Turn 1</h2><div class="chat message-error">Battle timer is ON: inactive players will automatically lose when time's up. (requested by Senor Cleanfist)</div><div class="spacer"></div><div><span class="battle-nickname" title="Tsareena">Tsareena</span> used <strong>Trop Kick</strong>!</div><div><small>The opposing <span class="battle-nickname-foe" title="Clefable">Clefable</span> lost 35% of its health!</small><br></div><div><small>The opposing <span class="battle-nickname-foe" title="Clefable">Clefable</span>'s Attack fell! </small></div><div class="spacer"></div><div>The opposing <span class="battle-nickname-foe" title="Clefable">Clefable</span> used <strong>Fire Blast</strong>!</div><div><small>It's super effective! </small><small><span class="battle-nickname" title="Tsareena">Tsareena</span> lost 67% of its health!</small><br></div><h2>Turn 2</h2><div class="spacer"></div><div><span class="battle-nickname" title="Tsareena">Tsareena</span> used <strong>Trop Kick</strong>!</div><div><small>The opposing <span class="battle-nickname-foe" title="Clefable">Clefable</span> lost 35% of its health!</small><br></div><div><small>The opposing <span class="battle-nickname-foe" title="Clefable">Clefable</span>'s Attack fell! </small></div><div class="spacer"></div><div>The opposing <span class="battle-nickname-foe" title="Clefable">Clefable</span> used <strong>Fire Blast</strong>!</div><div><small><span class="battle-nickname" title="Tsareena">Tsareena</span> avoided the attack!</small></div><h2>Turn 3</h2><div class="spacer"></div><div><span class="battle-nickname" title="Tsareena">Tsareena</span> used <strong>Trop Kick</strong>!</div><div><small>The opposing <span class="battle-nickname-foe" title="Clefable">Clefable</span> lost 30% of its health!</small><br></div><div class="spacer"></div><div>The opposing <span class="battle-nickname-foe" title="Clefable">Clefable</span> fainted!</div><div class="spacer"></div><div>quocbao97 sent out Drampa!</div><h2>Turn 4</h2><div class="spacer"></div><div><span class="battle-nickname" title="Tsareena">Tsareena</span>, come back!</div><div class="spacer"></div><div>Go! Rhyperior!</div><div class="spacer"></div><div>The opposing <span class="battle-nickname-foe" title="Drampa">Drampa</span> used <strong>Substitute</strong>!</div><div><small>The opposing <span class="battle-nickname-foe" title="Drampa">Drampa</span> put in a substitute!</small></div><div><small>The opposing <span class="battle-nickname-foe" title="Drampa">Drampa</span> lost 24% of its health!</small><br></div><div class="spacer"></div><div><small>The opposing <span class="battle-nickname-foe" title="Drampa">Drampa</span> restored a little HP using its Leftovers!</small></div><h2>Turn 5</h2><div class="spacer"></div><div><span class="battle-nickname" title="Rhyperior">Rhyperior</span> used <strong>Stealth Rock</strong>!</div><div><small>Pointed stones float in the air around the opposing team!</small></div><div class="spacer"></div><div>The opposing <span class="battle-nickname-foe" title="Drampa">Drampa</span> used <strong>Hyper Voice</strong>!</div><div><small>It's not very effective... </small><small><span class="battle-nickname" title="Rhyperior">Rhyperior</span> lost 26% of its health!</small><br></div><div class="spacer"></div><div><small><span class="battle-nickname" title="Rhyperior">Rhyperior</span> restored a little HP using its Leftovers!</small></div><div><small>The opposing <span class="battle-nickname-foe" title="Drampa">Drampa</span> restored a little HP using its Leftovers!</small></div><h2>Turn 6</h2><div class="spacer"></div><div><span class="battle-nickname" title="Rhyperior">Rhyperior</span> used <strong>Earthquake</strong>!</div><div><small>The opposing <span class="battle-nickname-foe" title="Drampa">Drampa</span>'s substitute faded!</small></div><div class="spacer"></div><div>The opposing <span class="battle-nickname-foe" title="Drampa">Drampa</span> used <strong>Hyper Voice</strong>!</div><div><small>It's not very effective... </small><small><span class="battle-nickname" title="Rhyperior">Rhyperior</span> lost 28% of its health!</small><br></div><div class="spacer"></div><div><small><span class="battle-nickname" title="Rhyperior">Rhyperior</span> restored a little HP using its Leftovers!</small></div><div><small>The opposing <span class="battle-nickname-foe" title="Drampa">Drampa</span> restored a little HP using its Leftovers!</small></div><h2>Turn 7</h2><div class="spacer"></div><div>quocbao97 withdrew Drampa!</div><div class="spacer"></div><div>quocbao97 sent out Cofagrigus!</div><div><small>Pointed stones dug into the opposing <span class="battle-nickname-foe" title="Cofagrigus">Cofagrigus</span>!</small></div><div class="spacer"></div><div><span class="battle-nickname" title="Rhyperior">Rhyperior</span> used <strong>Earthquake</strong>!</div><div><small>The opposing <span class="battle-nickname-foe" title="Cofagrigus">Cofagrigus</span> lost 43% of its health!</small><br></div><div class="spacer"></div><div><small><span class="battle-nickname" title="Rhyperior">Rhyperior</span> restored a little HP using its Leftovers!</small></div><div><small>The opposing <span class="battle-nickname-foe" title="Cofagrigus">Cofagrigus</span> restored a little HP using its Leftovers!</small></div><h2>Turn 8</h2><div class="spacer"></div><div><span class="battle-nickname" title="Rhyperior">Rhyperior</span>, come back!</div><div class="spacer"></div><div>Go! Vaporeon!</div><div class="spacer"></div><div>The opposing <span class="battle-nickname-foe" title="Cofagrigus">Cofagrigus</span> used <strong>Will-O-Wisp</strong>!</div><div><small><span class="battle-nickname" title="Vaporeon">Vaporeon</span> was burned!</small></div><div class="spacer"></div><div><small>The opposing <span class="battle-nickname-foe" title="Cofagrigus">Cofagrigus</span> restored a little HP using its Leftovers!</small></div><div><small><span class="battle-nickname" title="Vaporeon">Vaporeon</span> was hurt by its burn!</small></div><h2>Turn 9</h2><div class="spacer"></div><div>quocbao97 withdrew Cofagrigus!</div><div class="spacer"></div><div>quocbao97 sent out Mandibuzz!</div><div><small>Pointed stones dug into the opposing <span class="battle-nickname-foe" title="Mandibuzz">Mandibuzz</span>!</small></div><div class="spacer"></div><div><span class="battle-nickname" title="Vaporeon">Vaporeon</span> used <strong>Scald</strong>!</div><div><small>The opposing <span class="battle-nickname-foe" title="Mandibuzz">Mandibuzz</span> lost 28% of its health!</small><br></div><div class="spacer"></div><div><small>The opposing <span class="battle-nickname-foe" title="Mandibuzz">Mandibuzz</span> restored a little HP using its Leftovers!</small></div><div><small><span class="battle-nickname" title="Vaporeon">Vaporeon</span> restored a little HP using its Leftovers!</small></div><div><small><span class="battle-nickname" title="Vaporeon">Vaporeon</span> was hurt by its burn!</small></div><h2>Turn 10</h2><div class="spacer"></div><div>The opposing <span class="battle-nickname-foe" title="Mandibuzz">Mandibuzz</span> used <strong>Taunt</strong>!</div><div><small><span class="battle-nickname" title="Vaporeon">Vaporeon</span> fell for the taunt!</small></div><div class="spacer"></div><div><span class="battle-nickname" title="Vaporeon">Vaporeon</span> used <strong>Scald</strong>!</div><div><small>The opposing <span class="battle-nickname-foe" title="Mandibuzz">Mandibuzz</span> lost 27% of its health!</small><br></div><div class="spacer"></div><div><small>The opposing <span class="battle-nickname-foe" title="Mandibuzz">Mandibuzz</span> restored a little HP using its Leftovers!</small></div><div><small><span class="battle-nickname" title="Vaporeon">Vaporeon</span> restored a little HP using its Leftovers!</small></div><div><small><span class="battle-nickname" title="Vaporeon">Vaporeon</span> was hurt by its burn!</small></div><h2>Turn 11</h2><div class="spacer"></div><div><span class="battle-nickname" title="Vaporeon">Vaporeon</span> used <strong>Scald</strong>!</div><div><small>The opposing <span class="battle-nickname-foe" title="Mandibuzz">Mandibuzz</span> lost 27% of its health!</small><br></div><div><small>The opposing <span class="battle-nickname-foe" title="Mandibuzz">Mandibuzz</span> was burned!</small></div><div class="spacer"></div><div>The opposing <span class="battle-nickname-foe" title="Mandibuzz">Mandibuzz</span> used <strong>Whirlwind</strong>!</div><div class="spacer"></div><div>Tsareena was dragged out!</div><div class="spacer"></div><div><small>The opposing <span class="battle-nickname-foe" title="Mandibuzz">Mandibuzz</span> restored a little HP using its Leftovers!</small></div><div><small>The opposing <span class="battle-nickname-foe" title="Mandibuzz">Mandibuzz</span> was hurt by its burn!</small></div><h2>Turn 12</h2><div class="spacer"></div><div><span class="battle-nickname" title="Tsareena">Tsareena</span> used <strong>U-turn</strong>!</div><div><small>The opposing <span class="battle-nickname-foe" title="Mandibuzz">Mandibuzz</span> lost 6% of its health!</small><br></div><div class="spacer"></div><div>The opposing <span class="battle-nickname-foe" title="Mandibuzz">Mandibuzz</span> fainted!</div><div class="spacer"></div><div><span class="battle-nickname" title="Tsareena">Tsareena</span> went back to Senor Cleanfist!</div><div class="spacer"></div><div>Go! Vaporeon!</div><div class="spacer"></div><div><small><span class="battle-nickname" title="Vaporeon">Vaporeon</span> restored a little HP using its Leftovers!</small></div><div><small><span class="battle-nickname" title="Vaporeon">Vaporeon</span> was hurt by its burn!</small></div><div class="spacer"></div><div>quocbao97 sent out Palkia!</div><div><small>Pointed stones dug into the opposing <span class="battle-nickname-foe" title="Palkia">Palkia</span>!</small></div><div><small>[Opposing <span class="battle-nickname-foe" title="Palkia">Palkia</span>'s Pressure!]</small></div><div><small>The opposing <span class="battle-nickname-foe" title="Palkia">Palkia</span> is exerting its pressure!</small></div><h2>Turn 13</h2><div class="spacer"></div><div>The opposing <span class="battle-nickname-foe" title="Palkia">Palkia</span> used <strong>Dragon Tail</strong>!</div><div><small><span class="battle-nickname" title="Vaporeon">Vaporeon</span> lost 29% of its health!</small><br></div><div class="spacer"></div><div><span class="battle-nickname" title="Wormadam-Trash">Wormadam <small>(Wormadam-Trash)</small></span> was dragged out!</div><div class="spacer"></div><div><small>The opposing <span class="battle-nickname-foe" title="Palkia">Palkia</span> restored a little HP using its Leftovers!</small></div><h2>Turn 14</h2><div class="spacer"></div><div><span class="battle-nickname" title="Wormadam-Trash">Wormadam</span> used <strong>Protect</strong>!</div><div><small><span class="battle-nickname" title="Wormadam-Trash">Wormadam</span> protected itself!</small></div><div class="spacer"></div><div>The opposing <span class="battle-nickname-foe" title="Palkia">Palkia</span> used <strong>Fire Blast</strong>!</div><div><small><span class="battle-nickname" title="Wormadam-Trash">Wormadam</span> protected itself!</small></div><div class="spacer"></div><div><small>The opposing <span class="battle-nickname-foe" title="Palkia">Palkia</span> restored a little HP using its Leftovers!</small></div><h2>Turn 15</h2><div class="spacer"></div><div><span class="battle-nickname" title="Wormadam-Trash">Wormadam</span>, come back!</div><div class="spacer"></div><div>Go! Vaporeon!</div><div class="spacer"></div><div>The opposing <span class="battle-nickname-foe" title="Palkia">Palkia</span> used <strong>Fire Blast</strong>!</div><div><small>It's not very effective... </small><small><span class="battle-nickname" title="Vaporeon">Vaporeon</span> lost 14% of its health!</small><br></div><div class="spacer"></div><div><small>The opposing <span class="battle-nickname-foe" title="Palkia">Palkia</span> restored a little HP using its Leftovers!</small></div><div><small><span class="battle-nickname" title="Vaporeon">Vaporeon</span> restored a little HP using its Leftovers!</small></div><div><small><span class="battle-nickname" title="Vaporeon">Vaporeon</span> was hurt by its burn!</small></div><h2>Turn 16</h2><div class="spacer"></div><div><span class="battle-nickname" title="Vaporeon">Vaporeon</span> used <strong>Scald</strong>!</div><div><small>It's not very effective... </small><small>The opposing <span class="battle-nickname-foe" title="Palkia">Palkia</span> lost 6% of its health!</small><br></div><div><small>The opposing <span class="battle-nickname-foe" title="Palkia">Palkia</span> was burned!</small></div><div class="spacer"></div><div>The opposing <span class="battle-nickname-foe" title="Palkia">Palkia</span> used <strong>Dragon Tail</strong>!</div><div><small><span class="battle-nickname" title="Vaporeon">Vaporeon</span> avoided the attack!</small></div><div class="spacer"></div><div><small>The opposing <span class="battle-nickname-foe" title="Palkia">Palkia</span> restored a little HP using its Leftovers!</small></div><div><small><span class="battle-nickname" title="Vaporeon">Vaporeon</span> restored a little HP using its Leftovers!</small></div><div><small>The opposing <span class="battle-nickname-foe" title="Palkia">Palkia</span> was hurt by its burn!</small></div><div><small><span class="battle-nickname" title="Vaporeon">Vaporeon</span> was hurt by its burn!</small></div><h2>Turn 17</h2><div class="spacer"></div><div><span class="battle-nickname" title="Vaporeon">Vaporeon</span> used <strong>Wish</strong>!</div><div class="spacer"></div><div>The opposing <span class="battle-nickname-foe" title="Palkia">Palkia</span> used <strong>Dragon Tail</strong>!</div><div><small><span class="battle-nickname" title="Vaporeon">Vaporeon</span> lost 12% of its health!</small><br></div><div class="spacer"></div><div>Ampharos was dragged out!</div><div class="spacer"></div><div><small>The opposing <span class="battle-nickname-foe" title="Palkia">Palkia</span> restored a little HP using its Leftovers!</small></div><div><small>The opposing <span class="battle-nickname-foe" title="Palkia">Palkia</span> was hurt by its burn!</small></div><h2>Turn 18</h2><div class="spacer"></div><div><span class="battle-nickname" title="Ampharos">Ampharos</span> used <strong>Thunderbolt</strong>!</div><div><small>A critical hit! </small><small>The opposing <span class="battle-nickname-foe" title="Palkia">Palkia</span> lost 47% of its health!</small><br></div><div class="spacer"></div><div>The opposing <span class="battle-nickname-foe" title="Palkia">Palkia</span> used <strong>Dragon Tail</strong>!</div><div><small><span class="battle-nickname" title="Ampharos">Ampharos</span> lost 10% of its health!</small><br></div><div class="spacer"></div><div>Tsareena was dragged out!</div><div class="spacer"></div><div><small>Vaporeon's wish came true!</small></div><div><small>The opposing <span class="battle-nickname-foe" title="Palkia">Palkia</span> restored a little HP using its Leftovers!</small></div><div><small>The opposing <span class="battle-nickname-foe" title="Palkia">Palkia</span> was hurt by its burn!</small></div><h2>Turn 19</h2><div class="spacer"></div><div><span class="battle-nickname" title="Tsareena">Tsareena</span> used <strong>U-turn</strong>!</div><div><small>The opposing <span class="battle-nickname-foe" title="Palkia">Palkia</span> lost 21% of its health!</small><br></div><div class="spacer"></div><div><span class="battle-nickname" title="Tsareena">Tsareena</span> went back to Senor Cleanfist!</div><div class="spacer"></div><div>Go! Vaporeon!</div><div class="spacer"></div><div>The opposing <span class="battle-nickname-foe" title="Palkia">Palkia</span> used <strong>Fire Blast</strong>!</div><div><small>It's not very effective... </small><small><span class="battle-nickname" title="Vaporeon">Vaporeon</span> lost 14% of its health!</small><br></div><div class="spacer"></div><div><small>The opposing <span class="battle-nickname-foe" title="Palkia">Palkia</span> restored a little HP using its Leftovers!</small></div><div><small><span class="battle-nickname" title="Vaporeon">Vaporeon</span> restored a little HP using its Leftovers!</small></div><div><small>The opposing <span class="battle-nickname-foe" title="Palkia">Palkia</span> was hurt by its burn!</small></div><div><small><span class="battle-nickname" title="Vaporeon">Vaporeon</span> was hurt by its burn!</small></div><h2>Turn 20</h2><div class="spacer"></div><div><span class="battle-nickname" title="Vaporeon">Vaporeon</span> used <strong>Wish</strong>!</div><div class="spacer"></div><div>The opposing <span class="battle-nickname-foe" title="Palkia">Palkia</span> used <strong>Dragon Tail</strong>!</div><div><small><span class="battle-nickname" title="Vaporeon">Vaporeon</span> lost 15% of its health!</small><br></div><div class="spacer"></div><div>Ampharos was dragged out!</div><div class="spacer"></div><div><small>The opposing <span class="battle-nickname-foe" title="Palkia">Palkia</span> restored a little HP using its Leftovers!</small></div><div><small>The opposing <span class="battle-nickname-foe" title="Palkia">Palkia</span> was hurt by its burn!</small></div><h2>Turn 21</h2><div class="spacer"></div><div><span class="battle-nickname" title="Ampharos">Ampharos</span>, come back!</div><div class="spacer"></div><div>Go! Vaporeon!</div><div class="spacer"></div><div>The opposing <span class="battle-nickname-foe" title="Palkia">Palkia</span> used <strong>Hydro Pump</strong>!</div><div><small>[<span class="battle-nickname" title="Vaporeon">Vaporeon</span>'s Water Absorb!]</small></div><div><small><span class="battle-nickname" title="Vaporeon">Vaporeon</span> restored its HP.</small></div><div class="spacer"></div><div><small>Vaporeon's wish came true!</small></div><div><small>The opposing <span class="battle-nickname-foe" title="Palkia">Palkia</span> restored a little HP using its Leftovers!</small></div><div><small><span class="battle-nickname" title="Vaporeon">Vaporeon</span> restored a little HP using its Leftovers!</small></div><div><small>The opposing <span class="battle-nickname-foe" title="Palkia">Palkia</span> was hurt by its burn!</small></div><div><small><span class="battle-nickname" title="Vaporeon">Vaporeon</span> was hurt by its burn!</small></div><h2>Turn 22</h2><div class="spacer"></div><div>The opposing <span class="battle-nickname-foe" title="Palkia">Palkia</span> used <strong>Dragon Tail</strong>!</div><div><small><span class="battle-nickname" title="Vaporeon">Vaporeon</span> lost 12% of its health!</small><br></div><div class="spacer"></div><div>Tsareena was dragged out!</div><div class="spacer"></div><div><small>The opposing <span class="battle-nickname-foe" title="Palkia">Palkia</span> restored a little HP using its Leftovers!</small></div><div><small>The opposing <span class="battle-nickname-foe" title="Palkia">Palkia</span> was hurt by its burn!</small></div><h2>Turn 23</h2><div class="spacer"></div><div><span class="battle-nickname" title="Tsareena">Tsareena</span> used <strong>U-turn</strong>!</div><div><small>The opposing <span class="battle-nickname-foe" title="Palkia">Palkia</span> lost 20% of its health!</small><br></div><div class="spacer"></div><div><span class="battle-nickname" title="Tsareena">Tsareena</span> went back to Senor Cleanfist!</div><div class="spacer"></div><div>Go! Vaporeon!</div><div class="spacer"></div><div>The opposing <span class="battle-nickname-foe" title="Palkia">Palkia</span> used <strong>Fire Blast</strong>!</div><div><small>It's not very effective... A critical hit! </small><small><span class="battle-nickname" title="Vaporeon">Vaporeon</span> lost 19% of its health!</small><br></div><div class="spacer"></div><div><small>The opposing <span class="battle-nickname-foe" title="Palkia">Palkia</span> restored a little HP using its Leftovers!</small></div><div><small><span class="battle-nickname" title="Vaporeon">Vaporeon</span> restored a little HP using its Leftovers!</small></div><div><small>The opposing <span class="battle-nickname-foe" title="Palkia">Palkia</span> was hurt by its burn!</small></div><div><small><span class="battle-nickname" title="Vaporeon">Vaporeon</span> was hurt by its burn!</small></div><h2>Turn 24</h2><div class="spacer"></div><div>quocbao97 withdrew Palkia!</div><div class="spacer"></div><div>quocbao97 sent out <span class="battle-nickname-foe" title="Dugtrio-Alola">Dugtrio <small>(Dugtrio-Alola)</small></span>!</div><div><small>Pointed stones dug into the opposing <span class="battle-nickname-foe" title="Dugtrio-Alola">Dugtrio</span>!</small></div><div class="spacer"></div><div><span class="battle-nickname" title="Vaporeon">Vaporeon</span> used <strong>Wish</strong>!</div><div class="spacer"></div><div><small><span class="battle-nickname" title="Vaporeon">Vaporeon</span> restored a little HP using its Leftovers!</small></div><div><small><span class="battle-nickname" title="Vaporeon">Vaporeon</span> was hurt by its burn!</small></div><h2>Turn 25</h2><div class="spacer"></div><div>The opposing <span class="battle-nickname-foe" title="Dugtrio-Alola">Dugtrio</span> used <strong>Iron Head</strong>!</div><div><small>It's not very effective... </small><small><span class="battle-nickname" title="Vaporeon">Vaporeon</span> lost 18% of its health!</small><br></div><div class="spacer"></div><div><span class="battle-nickname" title="Vaporeon">Vaporeon</span> used <strong>Scald</strong>!</div><div><small>It's super effective! </small><small>The opposing <span class="battle-nickname-foe" title="Dugtrio-Alola">Dugtrio</span> lost 98% of its health!</small><br></div><div class="spacer"></div><div>The opposing <span class="battle-nickname-foe" title="Dugtrio-Alola">Dugtrio</span> fainted!</div><div class="spacer"></div><div><small>Vaporeon's wish came true!</small></div><div><small><span class="battle-nickname" title="Vaporeon">Vaporeon</span> restored a little HP using its Leftovers!</small></div><div><small><span class="battle-nickname" title="Vaporeon">Vaporeon</span> was hurt by its burn!</small></div><div class="spacer"></div><div>quocbao97 sent out Drampa!</div><div><small>Pointed stones dug into the opposing <span class="battle-nickname-foe" title="Drampa">Drampa</span>!</small></div><h2>Turn 26</h2><div class="spacer"></div><div><small>quocbao97 forfeited.</small></div><div class="spacer"></div><div>Senor Cleanfist won the battle!</div><div class="chat"><small>quocbao97 left.</small></div></div></div>
</div>
<script>
var daily = Math.floor(Date.now()/1000/60/60/24);document.write('<script src="https://play.pokemonshowdown.com/js/replay-embed.js?version'+daily+'"></'+'script>');
</script>
