<!DOCTYPE html>
<meta charset="utf-8" />
<!-- version 1 -->
<title>[Gen 7] Random Battle replay: Secksie1298 vs. guilherme09101995</title>
<style>
html,body {font-family:Verdana, sans-serif;font-size:10pt;margin:0;padding:0;}body{padding:12px 0;} .battle-log {font-family:Verdana, sans-serif;font-size:10pt;} .battle-log-inline {border:1px solid #AAAAAA;background:#EEF2F5;color:black;max-width:640px;margin:0 auto 80px;padding-bottom:5px;} .battle-log .inner {padding:4px 8px 0px 8px;} .battle-log .inner-preempt {padding:0 8px 4px 8px;} .battle-log .inner-after {margin-top:0.5em;} .battle-log h2 {margin:0.5em -8px;padding:4px 8px;border:1px solid #AAAAAA;background:#E0E7EA;border-left:0;border-right:0;font-family:Verdana, sans-serif;font-size:13pt;} .battle-log .chat {vertical-align:middle;padding:3px 0 3px 0;font-size:8pt;} .battle-log .chat strong {color:#40576A;} .battle-log .chat em {padding:1px 4px 1px 3px;color:#000000;font-style:normal;} .chat.mine {background:rgba(0,0,0,0.05);margin-left:-8px;margin-right:-8px;padding-left:8px;padding-right:8px;} .spoiler {color:#BBBBBB;background:#BBBBBB;padding:0px 3px;} .spoiler:hover, .spoiler:active, .spoiler-shown {color:#000000;background:#E2E2E2;padding:0px 3px;} .spoiler a {color:#BBBBBB;} .spoiler:hover a, .spoiler:active a, .spoiler-shown a {color:#2288CC;} .chat code, .chat .spoiler:hover code, .chat .spoiler:active code, .chat .spoiler-shown code {border:1px solid #C0C0C0;background:#EEEEEE;color:black;padding:0 2px;} .chat .spoiler code {border:1px solid #CCCCCC;background:#CCCCCC;color:#CCCCCC;} .battle-log .rated {padding:3px 4px;} .battle-log .rated strong {color:white;background:#89A;padding:1px 4px;border-radius:4px;} .spacer {margin-top:0.5em;} .message-announce {background:#6688AA;color:white;padding:1px 4px 2px;} .message-announce a, .broadcast-green a, .broadcast-blue a, .broadcast-red a {color:#DDEEFF;} .broadcast-green {background-color:#559955;color:white;padding:2px 4px;} .broadcast-blue {background-color:#6688AA;color:white;padding:2px 4px;} .infobox {border:1px solid #6688AA;padding:2px 4px;} .infobox-limited {max-height:200px;overflow:auto;overflow-x:hidden;} .broadcast-red {background-color:#AA5544;color:white;padding:2px 4px;} .message-learn-canlearn {font-weight:bold;color:#228822;text-decoration:underline;} .message-learn-cannotlearn {font-weight:bold;color:#CC2222;text-decoration:underline;} .message-effect-weak {font-weight:bold;color:#CC2222;} .message-effect-resist {font-weight:bold;color:#6688AA;} .message-effect-immune {font-weight:bold;color:#666666;} .message-learn-list {margin-top:0;margin-bottom:0;} .message-throttle-notice, .message-error {color:#992222;} .message-overflow, .chat small.message-overflow {font-size:0pt;} .message-overflow::before {font-size:9pt;content:'...';} .subtle {color:#3A4A66;}
</style>
<div class="wrapper replay-wrapper" style="max-width:1180px;margin:0 auto">
<input type="hidden" name="replayid" value="gen7randombattle-566963088" />
<div class="battle"></div><div class="battle-log"></div><div class="replay-controls"></div><div class="replay-controls-2"></div>
<h1 style="font-weight:normal;text-align:center"><strong>[Gen 7] Random Battle</strong><br /><a href="http://pokemonshowdown.com/users/secksie1298" class="subtle" target="_blank">Secksie1298</a> vs. <a href="http://pokemonshowdown.com/users/guilherme09101995" class="subtle" target="_blank">guilherme09101995</a></h1>
<script type="text/plain" class="battle-log-data">|j|Secksie1298
|j|guilherme09101995
|player|p1|Secksie1298|101
|player|p2|guilherme09101995|1
|gametype|singles
|gen|7
|tier|[Gen 7] Random Battle
|rated
|seed|57194,14274,20349,13552,19672,4567,38580,3955,39454,32036,10440,57389
|rule|Sleep Clause Mod: Limit one foe put to sleep
|rule|HP Percentage Mod: HP is shown in percentages
|
|start
|switch|p1a: Ambipom|Ambipom, L79, M|100\/100
|switch|p2a: Cherrim|Cherrim, L79, M|100\/100
|turn|1
|choice|move lowkick|move sunnyday
|
|move|p1a: Ambipom|Low Kick|p2a: Cherrim
|-damage|p2a: Cherrim|84\/100
|move|p2a: Cherrim|Sunny Day|p2a: Cherrim
|-weather|SunnyDay
|-formechange|p2a: Cherrim|Cherrim-Sunshine|[msg]|[from] ability: Flower Gift
|
|-weather|SunnyDay|[upkeep]
|upkeep
|turn|2
|choice|move lowkick|move weatherball
|
|move|p1a: Ambipom|Low Kick|p2a: Cherrim
|-damage|p2a: Cherrim|70\/100
|move|p2a: Cherrim|Weather Ball|p1a: Ambipom
|-damage|p1a: Ambipom|57\/100
|
|-weather|SunnyDay|[upkeep]
|upkeep
|turn|3
|choice|move lowkick|move gigadrain
|
|move|p1a: Ambipom|Low Kick|p2a: Cherrim
|-damage|p2a: Cherrim|55\/100
|move|p2a: Cherrim|Giga Drain|p1a: Ambipom
|-damage|p1a: Ambipom|23\/100
|-heal|p2a: Cherrim|72\/100|[from] drain|[of] p1a: Ambipom
|
|-weather|SunnyDay|[upkeep]
|upkeep
|turn|4
|choice|move lowkick|move gigadrain
|
|move|p1a: Ambipom|Low Kick|p2a: Cherrim
|-damage|p2a: Cherrim|56\/100
|move|p2a: Cherrim|Giga Drain|p1a: Ambipom
|-damage|p1a: Ambipom|0 fnt
|-heal|p2a: Cherrim|68\/100|[from] drain|[of] p1a: Ambipom
|faint|p1a: Ambipom
|
|-weather|SunnyDay|[upkeep]
|upkeep
|c|☆guilherme09101995|haha
|c|☆guilherme09101995|certo
|choice|switch 5|
|
|switch|p1a: Avalugg|Avalugg, L79, M|100\/100
|turn|5
|choice|move avalanche|move weatherball
|
|move|p2a: Cherrim|Weather Ball|p1a: Avalugg
|-supereffective|p1a: Avalugg
|-ability|p1a: Avalugg|Sturdy
|-damage|p1a: Avalugg|1\/100
|move|p1a: Avalugg|Avalanche|p2a: Cherrim
|-supereffective|p2a: Cherrim
|-damage|p2a: Cherrim|0 fnt
|faint|p2a: Cherrim
|
|-weather|SunnyDay|[upkeep]
|-heal|p1a: Avalugg|7\/100|[from] item: Leftovers
|upkeep
|choice||switch 4
|
|switch|p2a: Volcanion|Volcanion, L77|100\/100
|turn|6
|choice|move recover|move fireblast
|
|move|p2a: Volcanion|Fire Blast|p1a: Avalugg
|-supereffective|p1a: Avalugg
|-crit|p1a: Avalugg
|-damage|p1a: Avalugg|0 fnt
|faint|p1a: Avalugg
|
|-weather|SunnyDay|[upkeep]
|upkeep
|c|☆guilherme09101995|haha
|c|☆guilherme09101995|certo
|choice|switch 4|
|
|switch|p1a: Kyogre|Kyogre, L73|100\/100
|-weather|RainDance|[from] ability: Drizzle|[of] p1a: Kyogre
|turn|7
|choice|move scald|move earthpower
|
|move|p1a: Kyogre|Scald|p2a: Volcanion
|-immune|p2a: Volcanion|[msg]|[from] ability: Water Absorb
|move|p2a: Volcanion|Earth Power|p1a: Kyogre
|-damage|p1a: Kyogre|80\/100
|-unboost|p1a: Kyogre|spd|1
|
|-weather|RainDance|[upkeep]
|upkeep
|turn|8
|c|☆guilherme09101995|haha
|choice|move scald|move earthpower
|
|move|p1a: Kyogre|Scald|p2a: Volcanion
|-immune|p2a: Volcanion|[msg]|[from] ability: Water Absorb
|move|p2a: Volcanion|Earth Power|p1a: Kyogre
|-damage|p1a: Kyogre|49\/100
|
|-weather|RainDance|[upkeep]
|upkeep
|turn|9
|c|☆guilherme09101995|haha
|choice|switch 2|move earthpower
|
|switch|p1a: Whimsicott|Whimsicott, L79, M|100\/100
|move|p2a: Volcanion|Earth Power|p1a: Whimsicott
|-resisted|p1a: Whimsicott
|-damage|p1a: Whimsicott|81\/100
|-unboost|p1a: Whimsicott|spd|1
|
|-weather|RainDance|[upkeep]
|-heal|p1a: Whimsicott|88\/100|[from] item: Leftovers
|upkeep
|turn|10
|choice|move moonblast|move fireblast
|
|move|p1a: Whimsicott|Moonblast|p2a: Volcanion
|-resisted|p2a: Volcanion
|-damage|p2a: Volcanion|90\/100
|move|p2a: Volcanion|Fire Blast|p1a: Whimsicott|[miss]
|-miss|p2a: Volcanion|p1a: Whimsicott
|
|-weather|RainDance|[upkeep]
|-heal|p1a: Whimsicott|94\/100|[from] item: Leftovers
|upkeep
|turn|11
|choice|move stunspore|move fireblast
|
|move|p1a: Whimsicott|Stun Spore|p2a: Volcanion|[miss]
|-miss|p1a: Whimsicott|p2a: Volcanion
|move|p2a: Volcanion|Fire Blast|p1a: Whimsicott
|-supereffective|p1a: Whimsicott
|-damage|p1a: Whimsicott|0 fnt
|faint|p1a: Whimsicott
|
|-weather|none
|upkeep
|c|☆guilherme09101995|haha
|c|☆guilherme09101995|certo
|choice|switch 6|
|
|switch|p1a: Steelix|Steelix, L75, F|100\/100
|turn|12
|choice|move earthquake|move steameruption
|
|move|p2a: Volcanion|Steam Eruption|p1a: Steelix
|-supereffective|p1a: Steelix
|-ability|p1a: Steelix|Sturdy
|-damage|p1a: Steelix|1\/100
|move|p1a: Steelix|Earthquake|p2a: Volcanion
|-supereffective|p2a: Volcanion
|-damage|p2a: Volcanion|34\/100
|
|upkeep
|turn|13
|choice|move earthquake|move earthpower
|
|move|p2a: Volcanion|Earth Power|p1a: Steelix
|-supereffective|p1a: Steelix
|-damage|p1a: Steelix|0 fnt
|faint|p1a: Steelix
|
|upkeep
|c|☆guilherme09101995|haha
|c|☆guilherme09101995|certo
|choice|switch 3|
|
|switch|p1a: Dhelmise|Dhelmise, L79|100\/100
|turn|14
|c|☆guilherme09101995|final
|choice|move earthquake|move fireblast
|
|move|p2a: Volcanion|Fire Blast|p1a: Dhelmise
|-supereffective|p1a: Dhelmise
|-damage|p1a: Dhelmise|0 fnt
|faint|p1a: Dhelmise
|
|upkeep
|c|☆guilherme09101995|haha
|c|☆guilherme09101995|certo
|choice|switch 2|
|
|switch|p1a: Kyogre|Kyogre, L73|49\/100
|-weather|RainDance|[from] ability: Drizzle|[of] p1a: Kyogre
|turn|15
|c|☆guilherme09101995|final
|choice|move icebeam|move earthpower
|
|move|p1a: Kyogre|Ice Beam|p2a: Volcanion
|-resisted|p2a: Volcanion
|-damage|p2a: Volcanion|29\/100
|-status|p2a: Volcanion|frz
|cant|p2a: Volcanion|frz
|
|-weather|RainDance|[upkeep]
|upkeep
|turn|16
|choice|move icebeam|move earthpower
|
|move|p1a: Kyogre|Ice Beam|p2a: Volcanion
|-resisted|p2a: Volcanion
|-damage|p2a: Volcanion|24\/100 frz
|cant|p2a: Volcanion|frz
|
|-weather|RainDance|[upkeep]
|upkeep
|turn|17
|choice|move icebeam|switch 6
|
|switch|p2a: Empoleon|Empoleon, L77, F|100\/100
|move|p1a: Kyogre|Ice Beam|p2a: Empoleon
|-resisted|p2a: Empoleon
|-crit|p2a: Empoleon
|-damage|p2a: Empoleon|92\/100
|
|-weather|RainDance|[upkeep]
|upkeep
|turn|18
|choice|move icebeam|move grassknot
|
|move|p1a: Kyogre|Ice Beam|p2a: Empoleon
|-resisted|p2a: Empoleon
|-damage|p2a: Empoleon|85\/100
|move|p2a: Empoleon|Grass Knot|p1a: Kyogre
|-supereffective|p1a: Kyogre
|-damage|p1a: Kyogre|0 fnt
|-damage|p2a: Empoleon|75\/100|[from] item: Life Orb
|faint|p1a: Kyogre
|
|win|guilherme09101995
|raw|Secksie1298's rating: 1000 &rarr; <strong>1000<\/strong><br \/>(+0 for losing)
|raw|guilherme09101995's rating: 1055 &rarr; <strong>1082<\/strong><br \/>(+27 for winning)
|c|☆guilherme09101995|haha
|c|☆guilherme09101995|certo</script>
</div>
<div class="battle-log battle-log-inline"><div class="inner"><div class="chat"><small>Secksie1298 joined.</small></div><div class="chat"><small>guilherme09101995 joined.</small></div><div style="padding:5px 0"><small>Format:</small> <br><strong>[Gen 7] Random Battle</strong></div><div class="rated"><strong>Rated battle</strong></div><div><small><em>Sleep Clause Mod:</em> Limit one foe put to sleep</small></div><div><small><em>HP Percentage Mod:</em> HP is shown in percentages</small></div><div>Battle between Secksie1298 and guilherme09101995 started!</div><div class="spacer"></div><div>Go! Ambipom!</div><div class="spacer"></div><div>guilherme09101995 sent out Cherrim!</div><h2>Turn 1</h2><div class="spacer"></div><div><span class="battle-nickname" title="Ambipom">Ambipom</span> used <strong>Low Kick</strong>!</div><div><small>The opposing <span class="battle-nickname-foe" title="Cherrim">Cherrim</span> lost 16% of its health!</small><br></div><div class="spacer"></div><div>The opposing <span class="battle-nickname-foe" title="Cherrim">Cherrim</span> used <strong>Sunny Day</strong>!</div><div><small>The sunlight turned harsh!</small></div><div><small>[Opposing <span class="battle-nickname-foe" title="Cherrim">Cherrim</span>'s Flower Gift!]</small></div><div><small>The opposing <span class="battle-nickname-foe" title="Cherrim">Cherrim</span> transformed!</small></div><h2>Turn 2</h2><div class="spacer"></div><div><span class="battle-nickname" title="Ambipom">Ambipom</span> used <strong>Low Kick</strong>!</div><div><small>The opposing <span class="battle-nickname-foe" title="Cherrim">Cherrim</span> lost 14% of its health!</small><br></div><div class="spacer"></div><div>The opposing <span class="battle-nickname-foe" title="Cherrim">Cherrim</span> used <strong>Weather Ball</strong>!</div><div><small><span class="battle-nickname" title="Ambipom">Ambipom</span> lost 43% of its health!</small><br></div><h2>Turn 3</h2><div class="spacer"></div><div><span class="battle-nickname" title="Ambipom">Ambipom</span> used <strong>Low Kick</strong>!</div><div><small>The opposing <span class="battle-nickname-foe" title="Cherrim">Cherrim</span> lost 15% of its health!</small><br></div><div class="spacer"></div><div>The opposing <span class="battle-nickname-foe" title="Cherrim">Cherrim</span> used <strong>Giga Drain</strong>!</div><div><small><span class="battle-nickname" title="Ambipom">Ambipom</span> lost 33% of its health!</small><br></div><div><small><span class="battle-nickname" title="Ambipom">Ambipom</span> had its energy drained!</small></div><h2>Turn 4</h2><div class="spacer"></div><div><span class="battle-nickname" title="Ambipom">Ambipom</span> used <strong>Low Kick</strong>!</div><div><small>The opposing <span class="battle-nickname-foe" title="Cherrim">Cherrim</span> lost 16% of its health!</small><br></div><div class="spacer"></div><div>The opposing <span class="battle-nickname-foe" title="Cherrim">Cherrim</span> used <strong>Giga Drain</strong>!</div><div><small><span class="battle-nickname" title="Ambipom">Ambipom</span> lost 23% of its health!</small><br></div><div><small><span class="battle-nickname" title="Ambipom">Ambipom</span> had its energy drained!</small></div><div class="spacer"></div><div><span class="battle-nickname" title="Ambipom">Ambipom</span> fainted!</div><div class="chat chatmessage-guilherme09101995"><strong style="color:hsl(153,36%,44%);"><small>☆</small><span class="username" data-name="guilherme09101995">guilherme09101995</span>:</strong> <em>haha</em></div><div class="chat chatmessage-guilherme09101995"><strong style="color:hsl(153,36%,44%);"><small>☆</small><span class="username" data-name="guilherme09101995">guilherme09101995</span>:</strong> <em>certo</em></div><div class="spacer"></div><div>Go! Avalugg!</div><h2>Turn 5</h2><div class="spacer"></div><div>The opposing <span class="battle-nickname-foe" title="Cherrim">Cherrim</span> used <strong>Weather Ball</strong>!</div><div><small>[<span class="battle-nickname" title="Avalugg">Avalugg</span>'s Sturdy!]</small></div><div><small>It's super effective! <span class="battle-nickname" title="Avalugg">Avalugg</span> endured the hit!</small></div><div><small><span class="battle-nickname" title="Avalugg">Avalugg</span> lost 99% of its health!</small><br></div><div class="spacer"></div><div><span class="battle-nickname" title="Avalugg">Avalugg</span> used <strong>Avalanche</strong>!</div><div><small>It's super effective! </small><small>The opposing <span class="battle-nickname-foe" title="Cherrim">Cherrim</span> lost 68% of its health!</small><br></div><div class="spacer"></div><div>The opposing <span class="battle-nickname-foe" title="Cherrim">Cherrim</span> fainted!</div><div class="spacer"></div><div><small><span class="battle-nickname" title="Avalugg">Avalugg</span> restored a little HP using its Leftovers!</small></div><div class="spacer"></div><div>guilherme09101995 sent out Volcanion!</div><h2>Turn 6</h2><div class="spacer"></div><div>The opposing <span class="battle-nickname-foe" title="Volcanion">Volcanion</span> used <strong>Fire Blast</strong>!</div><div><small>It's super effective! A critical hit! </small><small><span class="battle-nickname" title="Avalugg">Avalugg</span> lost 7% of its health!</small><br></div><div class="spacer"></div><div><span class="battle-nickname" title="Avalugg">Avalugg</span> fainted!</div><div class="chat chatmessage-guilherme09101995"><strong style="color:hsl(153,36%,44%);"><small>☆</small><span class="username" data-name="guilherme09101995">guilherme09101995</span>:</strong> <em>haha</em></div><div class="chat chatmessage-guilherme09101995"><strong style="color:hsl(153,36%,44%);"><small>☆</small><span class="username" data-name="guilherme09101995">guilherme09101995</span>:</strong> <em>certo</em></div><div class="spacer"></div><div>Go! Kyogre!</div><div><small>[<span class="battle-nickname" title="Kyogre">Kyogre</span>'s Drizzle!]</small></div><div><small>It started to rain!</small></div><h2>Turn 7</h2><div class="spacer"></div><div><span class="battle-nickname" title="Kyogre">Kyogre</span> used <strong>Scald</strong>!</div><div><small>[Opposing <span class="battle-nickname-foe" title="Volcanion">Volcanion</span>'s Water Absorb!]</small></div><div><small>It doesn't affect the opposing <span class="battle-nickname-foe" title="Volcanion">Volcanion</span>... </small></div><div class="spacer"></div><div>The opposing <span class="battle-nickname-foe" title="Volcanion">Volcanion</span> used <strong>Earth Power</strong>!</div><div><small><span class="battle-nickname" title="Kyogre">Kyogre</span> lost 20% of its health!</small><br></div><div><small><span class="battle-nickname" title="Kyogre">Kyogre</span>'s Special Defense fell! </small></div><h2>Turn 8</h2><div class="chat chatmessage-guilherme09101995"><strong style="color:hsl(153,36%,44%);"><small>☆</small><span class="username" data-name="guilherme09101995">guilherme09101995</span>:</strong> <em>haha</em></div><div class="spacer"></div><div><span class="battle-nickname" title="Kyogre">Kyogre</span> used <strong>Scald</strong>!</div><div><small>[Opposing <span class="battle-nickname-foe" title="Volcanion">Volcanion</span>'s Water Absorb!]</small></div><div><small>It doesn't affect the opposing <span class="battle-nickname-foe" title="Volcanion">Volcanion</span>... </small></div><div class="spacer"></div><div>The opposing <span class="battle-nickname-foe" title="Volcanion">Volcanion</span> used <strong>Earth Power</strong>!</div><div><small><span class="battle-nickname" title="Kyogre">Kyogre</span> lost 31% of its health!</small><br></div><h2>Turn 9</h2><div class="chat chatmessage-guilherme09101995"><strong style="color:hsl(153,36%,44%);"><small>☆</small><span class="username" data-name="guilherme09101995">guilherme09101995</span>:</strong> <em>haha</em></div><div class="spacer"></div><div><span class="battle-nickname" title="Kyogre">Kyogre</span>, come back!</div><div class="spacer"></div><div>Go! Whimsicott!</div><div class="spacer"></div><div>The opposing <span class="battle-nickname-foe" title="Volcanion">Volcanion</span> used <strong>Earth Power</strong>!</div><div><small>It's not very effective... </small><small><span class="battle-nickname" title="Whimsicott">Whimsicott</span> lost 19% of its health!</small><br></div><div><small><span class="battle-nickname" title="Whimsicott">Whimsicott</span>'s Special Defense fell! </small></div><div class="spacer"></div><div><small><span class="battle-nickname" title="Whimsicott">Whimsicott</span> restored a little HP using its Leftovers!</small></div><h2>Turn 10</h2><div class="spacer"></div><div><span class="battle-nickname" title="Whimsicott">Whimsicott</span> used <strong>Moonblast</strong>!</div><div><small>It's not very effective... </small><small>The opposing <span class="battle-nickname-foe" title="Volcanion">Volcanion</span> lost 10% of its health!</small><br></div><div class="spacer"></div><div>The opposing <span class="battle-nickname-foe" title="Volcanion">Volcanion</span> used <strong>Fire Blast</strong>!</div><div><small><span class="battle-nickname" title="Whimsicott">Whimsicott</span> avoided the attack!</small></div><div class="spacer"></div><div><small><span class="battle-nickname" title="Whimsicott">Whimsicott</span> restored a little HP using its Leftovers!</small></div><h2>Turn 11</h2><div class="spacer"></div><div><span class="battle-nickname" title="Whimsicott">Whimsicott</span> used <strong>Stun Spore</strong>!</div><div><small>The opposing <span class="battle-nickname-foe" title="Volcanion">Volcanion</span> avoided the attack!</small></div><div class="spacer"></div><div>The opposing <span class="battle-nickname-foe" title="Volcanion">Volcanion</span> used <strong>Fire Blast</strong>!</div><div><small>It's super effective! </small><small><span class="battle-nickname" title="Whimsicott">Whimsicott</span> lost 94% of its health!</small><br></div><div class="spacer"></div><div><span class="battle-nickname" title="Whimsicott">Whimsicott</span> fainted!</div><div class="spacer"></div><div><small>The rain stopped.</small></div><div class="chat chatmessage-guilherme09101995"><strong style="color:hsl(153,36%,44%);"><small>☆</small><span class="username" data-name="guilherme09101995">guilherme09101995</span>:</strong> <em>haha</em></div><div class="chat chatmessage-guilherme09101995"><strong style="color:hsl(153,36%,44%);"><small>☆</small><span class="username" data-name="guilherme09101995">guilherme09101995</span>:</strong> <em>certo</em></div><div class="spacer"></div><div>Go! Steelix!</div><h2>Turn 12</h2><div class="spacer"></div><div>The opposing <span class="battle-nickname-foe" title="Volcanion">Volcanion</span> used <strong>Steam Eruption</strong>!</div><div><small>[<span class="battle-nickname" title="Steelix">Steelix</span>'s Sturdy!]</small></div><div><small>It's super effective! <span class="battle-nickname" title="Steelix">Steelix</span> endured the hit!</small></div><div><small><span class="battle-nickname" title="Steelix">Steelix</span> lost 99% of its health!</small><br></div><div class="spacer"></div><div><span class="battle-nickname" title="Steelix">Steelix</span> used <strong>Earthquake</strong>!</div><div><small>It's super effective! </small><small>The opposing <span class="battle-nickname-foe" title="Volcanion">Volcanion</span> lost 56% of its health!</small><br></div><h2>Turn 13</h2><div class="spacer"></div><div>The opposing <span class="battle-nickname-foe" title="Volcanion">Volcanion</span> used <strong>Earth Power</strong>!</div><div><small>It's super effective! </small><small><span class="battle-nickname" title="Steelix">Steelix</span> lost 1% of its health!</small><br></div><div class="spacer"></div><div><span class="battle-nickname" title="Steelix">Steelix</span> fainted!</div><div class="chat chatmessage-guilherme09101995"><strong style="color:hsl(153,36%,44%);"><small>☆</small><span class="username" data-name="guilherme09101995">guilherme09101995</span>:</strong> <em>haha</em></div><div class="chat chatmessage-guilherme09101995"><strong style="color:hsl(153,36%,44%);"><small>☆</small><span class="username" data-name="guilherme09101995">guilherme09101995</span>:</strong> <em>certo</em></div><div class="spacer"></div><div>Go! Dhelmise!</div><h2>Turn 14</h2><div class="chat chatmessage-guilherme09101995"><strong style="color:hsl(153,36%,44%);"><small>☆</small><span class="username" data-name="guilherme09101995">guilherme09101995</span>:</strong> <em>final</em></div><div class="spacer"></div><div>The opposing <span class="battle-nickname-foe" title="Volcanion">Volcanion</span> used <strong>Fire Blast</strong>!</div><div><small>It's super effective! </small><small><span class="battle-nickname" title="Dhelmise">Dhelmise</span> lost 100% of its health!</small><br></div><div class="spacer"></div><div><span class="battle-nickname" title="Dhelmise">Dhelmise</span> fainted!</div><div class="chat chatmessage-guilherme09101995"><strong style="color:hsl(153,36%,44%);"><small>☆</small><span class="username" data-name="guilherme09101995">guilherme09101995</span>:</strong> <em>haha</em></div><div class="chat chatmessage-guilherme09101995"><strong style="color:hsl(153,36%,44%);"><small>☆</small><span class="username" data-name="guilherme09101995">guilherme09101995</span>:</strong> <em>certo</em></div><div class="spacer"></div><div>Go! Kyogre!</div><div><small>[<span class="battle-nickname" title="Kyogre">Kyogre</span>'s Drizzle!]</small></div><div><small>It started to rain!</small></div><h2>Turn 15</h2><div class="chat chatmessage-guilherme09101995"><strong style="color:hsl(153,36%,44%);"><small>☆</small><span class="username" data-name="guilherme09101995">guilherme09101995</span>:</strong> <em>final</em></div><div class="spacer"></div><div><span class="battle-nickname" title="Kyogre">Kyogre</span> used <strong>Ice Beam</strong>!</div><div><small>It's not very effective... </small><small>The opposing <span class="battle-nickname-foe" title="Volcanion">Volcanion</span> lost 5% of its health!</small><br></div><div><small>The opposing <span class="battle-nickname-foe" title="Volcanion">Volcanion</span> was frozen solid!</small></div><div class="spacer"></div><div>The opposing <span class="battle-nickname-foe" title="Volcanion">Volcanion</span> is frozen solid!</div><h2>Turn 16</h2><div class="spacer"></div><div><span class="battle-nickname" title="Kyogre">Kyogre</span> used <strong>Ice Beam</strong>!</div><div><small>It's not very effective... </small><small>The opposing <span class="battle-nickname-foe" title="Volcanion">Volcanion</span> lost 4% of its health!</small><br></div><div class="spacer"></div><div>The opposing <span class="battle-nickname-foe" title="Volcanion">Volcanion</span> is frozen solid!</div><h2>Turn 17</h2><div class="spacer"></div><div>guilherme09101995 withdrew Volcanion!</div><div class="spacer"></div><div>guilherme09101995 sent out Empoleon!</div><div class="spacer"></div><div><span class="battle-nickname" title="Kyogre">Kyogre</span> used <strong>Ice Beam</strong>!</div><div><small>It's not very effective... A critical hit! </small><small>The opposing <span class="battle-nickname-foe" title="Empoleon">Empoleon</span> lost 8% of its health!</small><br></div><h2>Turn 18</h2><div class="spacer"></div><div><span class="battle-nickname" title="Kyogre">Kyogre</span> used <strong>Ice Beam</strong>!</div><div><small>It's not very effective... </small><small>The opposing <span class="battle-nickname-foe" title="Empoleon">Empoleon</span> lost 7% of its health!</small><br></div><div class="spacer"></div><div>The opposing <span class="battle-nickname-foe" title="Empoleon">Empoleon</span> used <strong>Grass Knot</strong>!</div><div><small>It's super effective! </small><small><span class="battle-nickname" title="Kyogre">Kyogre</span> lost 49% of its health!</small><br></div><div><small>The opposing <span class="battle-nickname-foe" title="Empoleon">Empoleon</span> lost some of its HP!</small></div><div class="spacer"></div><div><span class="battle-nickname" title="Kyogre">Kyogre</span> fainted!</div><div class="spacer"></div><div>guilherme09101995 won the battle!</div><div class="chat">Secksie1298's rating: 1000 → <strong>1000</strong><br>(+0 for losing)</div><div class="chat">guilherme09101995's rating: 1055 → <strong>1082</strong><br>(+27 for winning)</div><div class="chat chatmessage-guilherme09101995"><strong style="color:hsl(153,36%,44%);"><small>☆</small><span class="username" data-name="guilherme09101995">guilherme09101995</span>:</strong> <em>haha</em></div><div class="chat chatmessage-guilherme09101995"><strong style="color:hsl(153,36%,44%);"><small>☆</small><span class="username" data-name="guilherme09101995">guilherme09101995</span>:</strong> <em>certo</em></div></div></div>
</div>
<script>
var daily = Math.floor(Date.now()/1000/60/60/24);document.write('<script src="https://play.pokemonshowdown.com/js/replay-embed.js?version'+daily+'"></'+'script>');
</script>
