<!DOCTYPE html>
<meta charset="utf-8" />
<!-- version 1 -->
<title>[Gen 7] Random Battle replay: christofa vs. jh02</title>
<style>
html,body {font-family:Verdana, sans-serif;font-size:10pt;margin:0;padding:0;}body{padding:12px 0;} .battle-log {font-family:Verdana, sans-serif;font-size:10pt;} .battle-log-inline {border:1px solid #AAAAAA;background:#EEF2F5;color:black;max-width:640px;margin:0 auto 80px;padding-bottom:5px;} .battle-log .inner {padding:4px 8px 0px 8px;} .battle-log .inner-preempt {padding:0 8px 4px 8px;} .battle-log .inner-after {margin-top:0.5em;} .battle-log h2 {margin:0.5em -8px;padding:4px 8px;border:1px solid #AAAAAA;background:#E0E7EA;border-left:0;border-right:0;font-family:Verdana, sans-serif;font-size:13pt;} .battle-log .chat {vertical-align:middle;padding:3px 0 3px 0;font-size:8pt;} .battle-log .chat strong {color:#40576A;} .battle-log .chat em {padding:1px 4px 1px 3px;color:#000000;font-style:normal;} .chat.mine {background:rgba(0,0,0,0.05);margin-left:-8px;margin-right:-8px;padding-left:8px;padding-right:8px;} .spoiler {color:#BBBBBB;background:#BBBBBB;padding:0px 3px;} .spoiler:hover, .spoiler:active, .spoiler-shown {color:#000000;background:#E2E2E2;padding:0px 3px;} .spoiler a {color:#BBBBBB;} .spoiler:hover a, .spoiler:active a, .spoiler-shown a {color:#2288CC;} .chat code, .chat .spoiler:hover code, .chat .spoiler:active code, .chat .spoiler-shown code {border:1px solid #C0C0C0;background:#EEEEEE;color:black;padding:0 2px;} .chat .spoiler code {border:1px solid #CCCCCC;background:#CCCCCC;color:#CCCCCC;} .battle-log .rated {padding:3px 4px;} .battle-log .rated strong {color:white;background:#89A;padding:1px 4px;border-radius:4px;} .spacer {margin-top:0.5em;} .message-announce {background:#6688AA;color:white;padding:1px 4px 2px;} .message-announce a, .broadcast-green a, .broadcast-blue a, .broadcast-red a {color:#DDEEFF;} .broadcast-green {background-color:#559955;color:white;padding:2px 4px;} .broadcast-blue {background-color:#6688AA;color:white;padding:2px 4px;} .infobox {border:1px solid #6688AA;padding:2px 4px;} .infobox-limited {max-height:200px;overflow:auto;overflow-x:hidden;} .broadcast-red {background-color:#AA5544;color:white;padding:2px 4px;} .message-learn-canlearn {font-weight:bold;color:#228822;text-decoration:underline;} .message-learn-cannotlearn {font-weight:bold;color:#CC2222;text-decoration:underline;} .message-effect-weak {font-weight:bold;color:#CC2222;} .message-effect-resist {font-weight:bold;color:#6688AA;} .message-effect-immune {font-weight:bold;color:#666666;} .message-learn-list {margin-top:0;margin-bottom:0;} .message-throttle-notice, .message-error {color:#992222;} .message-overflow, .chat small.message-overflow {font-size:0pt;} .message-overflow::before {font-size:9pt;content:'...';} .subtle {color:#3A4A66;}
</style>
<div class="wrapper replay-wrapper" style="max-width:1180px;margin:0 auto">
<input type="hidden" name="replayid" value="gen7randombattle-566954331" />
<div class="battle"></div><div class="battle-log"></div><div class="replay-controls"></div><div class="replay-controls-2"></div>
<h1 style="font-weight:normal;text-align:center"><strong>[Gen 7] Random Battle</strong><br /><a href="http://pokemonshowdown.com/users/christofa" class="subtle" target="_blank">christofa</a> vs. <a href="http://pokemonshowdown.com/users/jh02" class="subtle" target="_blank">jh02</a></h1>
<script type="text/plain" class="battle-log-data">|j|christofa
|j|jh02
|player|p1|christofa|170
|player|p2|jh02|211
|gametype|singles
|gen|7
|tier|[Gen 7] Random Battle
|rated
|seed|49937,21814,21248,13680,15630,10633,57468,60526,9537,4617,35362,3769
|rule|Sleep Clause Mod: Limit one foe put to sleep
|rule|HP Percentage Mod: HP is shown in percentages
|
|start
|switch|p1a: Purugly|Purugly, L79, M|100\/100
|switch|p2a: Ariados|Ariados, L79, F|100\/100
|turn|1
|choice|move uturn|move stickyweb
|
|move|p1a: Purugly|U-turn|p2a: Ariados
|-resisted|p2a: Ariados
|-damage|p2a: Ariados|88\/100
|-damage|p1a: Purugly|91\/100|[from] item: Life Orb
|choice|switch 6|
|
|switch|p1a: Xatu|Xatu, L79, F|100\/100
|move|p2a: Ariados|Sticky Web|p1a: Xatu
|move|p1a: Xatu|Sticky Web|p2a: Ariados|[from]Magic Bounce
|-sidestart|p2: jh02|move: Sticky Web
|
|upkeep
|turn|2
|choice|move thunderwave|move suckerpunch
|
|move|p2a: Ariados|Sucker Punch|p1a: Xatu|[still]
|-fail|p2a: Ariados
|move|p1a: Xatu|Thunder Wave|p2a: Ariados
|-status|p2a: Ariados|par
|
|upkeep
|turn|3
|choice|move lightscreen|move suckerpunch
|
|move|p2a: Ariados|Sucker Punch|p1a: Xatu|[still]
|-fail|p2a: Ariados
|move|p1a: Xatu|Light Screen|p1a: Xatu
|-sidestart|p1: christofa|move: Light Screen
|
|upkeep
|turn|4
|choice|move psychic|move suckerpunch
|
|cant|p2a: Ariados|par
|move|p1a: Xatu|Psychic|p2a: Ariados
|-supereffective|p2a: Ariados
|-crit|p2a: Ariados
|-damage|p2a: Ariados|0 fnt
|faint|p2a: Ariados
|
|upkeep
|inactive|Battle timer is ON: inactive players will automatically lose when time's up. (requested by jh02)
|choice||switch 2
|
|switch|p2a: Zapdos|Zapdos, L75|100\/100
|turn|5
|choice|switch 6|move defog
|
|switch|p1a: Purugly|Purugly, L79, M|91\/100
|move|p2a: Zapdos|Defog|p1a: Purugly
|-unboost|p1a: Purugly|evasion|1
|-sideend|p1: christofa|move: Light Screen
|-sideend|p2: jh02|Sticky Web|[from] move: Defog|[of] p2a: Zapdos
|
|upkeep
|turn|6
|choice|move return|switch 5
|
|switch|p2a: Lunatone|Lunatone, L79|100\/100
|move|p1a: Purugly|Return|p2a: Lunatone
|-resisted|p2a: Lunatone
|-damage|p2a: Lunatone|73\/100
|-damage|p1a: Purugly|81\/100|[from] item: Life Orb
|
|-heal|p2a: Lunatone|80\/100|[from] item: Leftovers
|upkeep
|turn|7
|choice|move uturn|move calmmind
|
|move|p1a: Purugly|U-turn|p2a: Lunatone
|-supereffective|p2a: Lunatone
|-damage|p2a: Lunatone|29\/100
|-damage|p1a: Purugly|71\/100|[from] item: Life Orb
|choice|switch 6|
|
|switch|p1a: Xatu|Xatu, L79, F|100\/100
|move|p2a: Lunatone|Calm Mind|p2a: Lunatone
|-boost|p2a: Lunatone|spa|1
|-boost|p2a: Lunatone|spd|1
|
|-heal|p2a: Lunatone|35\/100|[from] item: Leftovers
|upkeep
|turn|8
|choice|move thunderwave|move moonlight
|
|move|p1a: Xatu|Thunder Wave|p2a: Lunatone
|-status|p2a: Lunatone|par
|move|p2a: Lunatone|Moonlight|p2a: Lunatone
|-heal|p2a: Lunatone|85\/100 par
|
|-heal|p2a: Lunatone|91\/100 par|[from] item: Leftovers
|upkeep
|turn|9
|choice|switch 3|move powergem
|
|switch|p1a: Octillery|Octillery, L79, M|100\/100
|move|p2a: Lunatone|Power Gem|p1a: Octillery
|-damage|p1a: Octillery|46\/100
|
|-heal|p2a: Lunatone|98\/100 par|[from] item: Leftovers
|upkeep
|turn|10
|choice|move gunkshot|move powergem
|
|move|p1a: Octillery|Gunk Shot|p2a: Lunatone
|-resisted|p2a: Lunatone
|-damage|p2a: Lunatone|78\/100 par
|move|p2a: Lunatone|Power Gem|p1a: Octillery
|-damage|p1a: Octillery|0 fnt
|faint|p1a: Octillery
|
|-heal|p2a: Lunatone|84\/100 par|[from] item: Leftovers
|upkeep
|choice|switch 2|
|
|switch|p1a: Mienshao|Mienshao, L77, M|100\/100
|turn|11
|choice|move knockoff|move psychic
|
|move|p1a: Mienshao|Knock Off|p2a: Lunatone
|-supereffective|p2a: Lunatone
|-damage|p2a: Lunatone|12\/100 par
|-enditem|p2a: Lunatone|Leftovers|[from] move: Knock Off|[of] p1a: Mienshao
|move|p2a: Lunatone|Psychic|p1a: Mienshao
|-supereffective|p1a: Mienshao
|-damage|p1a: Mienshao|0 fnt
|faint|p1a: Mienshao
|
|upkeep
|choice|switch 6|
|
|switch|p1a: Purugly|Purugly, L79, M|71\/100
|turn|12
|choice|move uturn|move powergem
|
|move|p1a: Purugly|U-turn|p2a: Lunatone
|-supereffective|p2a: Lunatone
|-crit|p2a: Lunatone
|-damage|p2a: Lunatone|0 fnt
|-damage|p1a: Purugly|61\/100|[from] item: Life Orb
|faint|p2a: Lunatone
|choice|switch 4|
|
|switch|p1a: Crabominable|Crabominable, L79, F|100\/100
|
|upkeep
|choice||switch 6
|
|switch|p2a: Shuckle|Shuckle, L79, F|100\/100
|turn|13
|choice|switch 3|move knockoff
|
|switch|p1a: Xatu|Xatu, L79, F|100\/100
|move|p2a: Shuckle|Knock Off|p1a: Xatu
|-supereffective|p1a: Xatu
|-crit|p1a: Xatu
|-damage|p1a: Xatu|68\/100
|-enditem|p1a: Xatu|Light Clay|[from] move: Knock Off|[of] p2a: Shuckle
|
|upkeep
|turn|14
|choice|move lightscreen|move encore
|
|move|p1a: Xatu|Light Screen|p1a: Xatu
|-sidestart|p1: christofa|move: Light Screen
|move|p2a: Shuckle|Encore|p1a: Xatu
|move|p1a: Xatu|Encore|p2a: Shuckle|[from]Magic Bounce
|-fail|p2a: Shuckle
|
|upkeep
|turn|15
|choice|move psychic|move knockoff
|
|move|p1a: Xatu|Psychic|p2a: Shuckle
|-crit|p2a: Shuckle
|-damage|p2a: Shuckle|65\/100
|move|p2a: Shuckle|Knock Off|p1a: Xatu
|-supereffective|p1a: Xatu
|-damage|p1a: Xatu|55\/100
|
|-heal|p2a: Shuckle|71\/100|[from] item: Leftovers
|upkeep
|turn|16
|choice|move thunderwave|move knockoff
|
|move|p1a: Xatu|Thunder Wave|p2a: Shuckle|[miss]
|-miss|p1a: Xatu|p2a: Shuckle
|move|p2a: Shuckle|Knock Off|p1a: Xatu
|-supereffective|p1a: Xatu
|-damage|p1a: Xatu|39\/100
|
|-heal|p2a: Shuckle|78\/100|[from] item: Leftovers
|upkeep
|turn|17
|choice|move psychic|switch 5
|
|switch|p2a: Zapdos|Zapdos, L75|100\/100
|move|p1a: Xatu|Psychic|p2a: Zapdos
|-damage|p2a: Zapdos|63\/100
|
|-heal|p2a: Zapdos|70\/100|[from] item: Leftovers
|upkeep
|turn|18
|choice|move psychic|move thunderbolt
|
|move|p1a: Xatu|Psychic|p2a: Zapdos
|-damage|p2a: Zapdos|35\/100
|move|p2a: Zapdos|Thunderbolt|p1a: Xatu
|-supereffective|p1a: Xatu
|-damage|p1a: Xatu|0 fnt
|faint|p1a: Xatu
|
|-heal|p2a: Zapdos|41\/100|[from] item: Leftovers
|-sideend|p1: christofa|move: Light Screen
|upkeep
|choice|switch 4|
|
|switch|p1a: Purugly|Purugly, L79, M|61\/100
|turn|19
|choice|move return|move toxic
|
|move|p1a: Purugly|Return|p2a: Zapdos
|-damage|p2a: Zapdos|0 fnt
|-damage|p1a: Purugly|51\/100|[from] item: Life Orb
|faint|p2a: Zapdos
|
|upkeep
|choice||switch 5
|
|switch|p2a: Shuckle|Shuckle, L79, F|78\/100
|turn|20
|choice|move uturn|move stickyweb
|
|move|p1a: Purugly|U-turn|p2a: Shuckle
|-damage|p2a: Shuckle|61\/100
|-damage|p1a: Purugly|41\/100|[from] item: Life Orb
|choice|switch 5|
|
|switch|p1a: Espeon|Espeon, L79, M|100\/100
|move|p2a: Shuckle|Sticky Web|p1a: Espeon
|move|p1a: Espeon|Sticky Web|p2a: Shuckle|[from]Magic Bounce
|-sidestart|p2: jh02|move: Sticky Web
|
|-heal|p2a: Shuckle|68\/100|[from] item: Leftovers
|upkeep
|turn|21
|choice|move substitute|move infestation
|
|move|p1a: Espeon|Substitute|p1a: Espeon
|-start|p1a: Espeon|Substitute
|-damage|p1a: Espeon|75\/100
|move|p2a: Shuckle|Infestation|p1a: Espeon
|-supereffective|p1a: Espeon
|-activate|p1a: Espeon|move: Substitute|[damage]
|
|-heal|p1a: Espeon|82\/100|[from] item: Leftovers
|-heal|p2a: Shuckle|74\/100|[from] item: Leftovers
|upkeep
|turn|22
|choice|move psyshock|move knockoff
|
|move|p1a: Espeon|Psyshock|p2a: Shuckle
|-damage|p2a: Shuckle|44\/100
|move|p2a: Shuckle|Knock Off|p1a: Espeon
|-supereffective|p1a: Espeon
|-end|p1a: Espeon|Substitute
|
|-heal|p1a: Espeon|88\/100|[from] item: Leftovers
|-heal|p2a: Shuckle|50\/100|[from] item: Leftovers
|upkeep
|turn|23
|choice|move substitute|move knockoff
|
|move|p1a: Espeon|Substitute|p1a: Espeon
|-start|p1a: Espeon|Substitute
|-damage|p1a: Espeon|63\/100
|move|p2a: Shuckle|Knock Off|p1a: Espeon
|-supereffective|p1a: Espeon
|-activate|p1a: Espeon|move: Substitute|[damage]
|
|-heal|p1a: Espeon|69\/100|[from] item: Leftovers
|-heal|p2a: Shuckle|56\/100|[from] item: Leftovers
|upkeep
|turn|24
|choice|move shadowball|move knockoff
|
|move|p1a: Espeon|Shadow Ball|p2a: Shuckle
|-damage|p2a: Shuckle|36\/100
|-unboost|p2a: Shuckle|spd|1
|move|p2a: Shuckle|Knock Off|p1a: Espeon
|-supereffective|p1a: Espeon
|-end|p1a: Espeon|Substitute
|
|-heal|p1a: Espeon|75\/100|[from] item: Leftovers
|-heal|p2a: Shuckle|42\/100|[from] item: Leftovers
|upkeep
|turn|25
|choice|move substitute|move knockoff
|
|move|p1a: Espeon|Substitute|p1a: Espeon
|-start|p1a: Espeon|Substitute
|-damage|p1a: Espeon|50\/100
|move|p2a: Shuckle|Knock Off|p1a: Espeon
|-supereffective|p1a: Espeon
|-activate|p1a: Espeon|move: Substitute|[damage]
|
|-heal|p1a: Espeon|56\/100|[from] item: Leftovers
|-heal|p2a: Shuckle|48\/100|[from] item: Leftovers
|upkeep
|turn|26
|choice|move morningsun|move knockoff
|
|move|p1a: Espeon|Morning Sun|p1a: Espeon
|-heal|p1a: Espeon|100\/100
|move|p2a: Shuckle|Knock Off|p1a: Espeon
|-supereffective|p1a: Espeon
|-crit|p1a: Espeon
|-end|p1a: Espeon|Substitute
|
|-heal|p2a: Shuckle|55\/100|[from] item: Leftovers
|upkeep
|turn|27
|choice|move substitute|switch 3
|
|switch|p2a: Dewgong|Dewgong, L79, M|100\/100
|-activate|p2a: Dewgong|move: Sticky Web
|-unboost|p2a: Dewgong|spe|1
|move|p1a: Espeon|Substitute|p1a: Espeon
|-start|p1a: Espeon|Substitute
|-damage|p1a: Espeon|75\/100
|
|-heal|p1a: Espeon|82\/100|[from] item: Leftovers
|upkeep
|turn|28
|choice|move psyshock|move surf
|
|move|p1a: Espeon|Psyshock|p2a: Dewgong
|-crit|p2a: Dewgong
|-damage|p2a: Dewgong|37\/100
|move|p2a: Dewgong|Surf|p1a: Espeon
|-end|p1a: Espeon|Substitute
|
|-heal|p1a: Espeon|88\/100|[from] item: Leftovers
|-heal|p2a: Dewgong|43\/100|[from] item: Leftovers
|upkeep
|turn|29
|choice|move psyshock|move surf
|
|move|p1a: Espeon|Psyshock|p2a: Dewgong
|-damage|p2a: Dewgong|6\/100
|move|p2a: Dewgong|Surf|p1a: Espeon
|-damage|p1a: Espeon|57\/100
|
|-heal|p1a: Espeon|63\/100|[from] item: Leftovers
|-heal|p2a: Dewgong|12\/100|[from] item: Leftovers
|upkeep
|turn|30
|choice|move shadowball|move surf
|
|move|p1a: Espeon|Shadow Ball|p2a: Dewgong
|-damage|p2a: Dewgong|0 fnt
|faint|p2a: Dewgong
|
|-heal|p1a: Espeon|69\/100|[from] item: Leftovers
|upkeep
|choice||switch 4
|
|switch|p2a: Tapu Bulu|Tapu Bulu, L75|100\/100
|-activate|p2a: Tapu Bulu|move: Sticky Web
|-unboost|p2a: Tapu Bulu|spe|1
|-fieldstart|move: Grassy Terrain|[from] ability: Grassy Surge|[of] p2a: Tapu Bulu
|turn|31
|choice|move substitute|move megahorn
|
|move|p1a: Espeon|Substitute|p1a: Espeon
|-start|p1a: Espeon|Substitute
|-damage|p1a: Espeon|44\/100
|move|p2a: Tapu Bulu|Megahorn|p1a: Espeon
|-supereffective|p1a: Espeon
|-end|p1a: Espeon|Substitute
|
|-heal|p1a: Espeon|50\/100|[from] item: Leftovers
|-heal|p1a: Espeon|57\/100|[from] Grassy Terrain
|upkeep
|turn|32
|choice|switch 3|move megahorn
|
|switch|p1a: Crabominable|Crabominable, L79, F|100\/100
|move|p2a: Tapu Bulu|Megahorn|p1a: Crabominable
|-resisted|p1a: Crabominable
|-damage|p1a: Crabominable|82\/100
|
|-heal|p1a: Crabominable|88\/100|[from] Grassy Terrain
|upkeep
|turn|33
|choice|move icehammer|switch 3
|
|switch|p2a: Shuckle|Shuckle, L79, F|55\/100
|-activate|p2a: Shuckle|move: Sticky Web
|-unboost|p2a: Shuckle|spe|1
|move|p1a: Crabominable|Ice Hammer|p2a: Shuckle
|-damage|p2a: Shuckle|0 fnt
|-unboost|p1a: Crabominable|spe|1
|faint|p2a: Shuckle
|
|-heal|p1a: Crabominable|94\/100|[from] Grassy Terrain
|upkeep
|choice||switch 3
|
|switch|p2a: Tapu Bulu|Tapu Bulu, L75|100\/100
|-activate|p2a: Tapu Bulu|move: Sticky Web
|-unboost|p2a: Tapu Bulu|spe|1
|turn|34
|c|☆christofa|comon put it out
|choice|switch 3|move superpower
|
|switch|p1a: Espeon|Espeon, L79, M|57\/100
|move|p2a: Tapu Bulu|Superpower|p1a: Espeon
|-resisted|p1a: Espeon
|-damage|p1a: Espeon|29\/100
|-unboost|p2a: Tapu Bulu|atk|1
|-unboost|p2a: Tapu Bulu|def|1
|
|-heal|p1a: Espeon|35\/100|[from] item: Leftovers
|-heal|p1a: Espeon|41\/100|[from] Grassy Terrain
|upkeep
|turn|35
|c|☆christofa|gg
|-message|jh02 forfeited.
|
|win|christofa
|l|jh02</script>
</div>
<div class="battle-log battle-log-inline"><div class="inner"><div class="chat"><small>christofa joined.</small></div><div class="chat"><small>jh02 joined.</small></div><div style="padding:5px 0"><small>Format:</small> <br><strong>[Gen 7] Random Battle</strong></div><div class="rated"><strong>Rated battle</strong></div><div><small><em>Sleep Clause Mod:</em> Limit one foe put to sleep</small></div><div><small><em>HP Percentage Mod:</em> HP is shown in percentages</small></div><div>Battle between christofa and jh02 started!</div><div class="spacer"></div><div>Go! Purugly!</div><div class="spacer"></div><div>jh02 sent out Ariados!</div><h2>Turn 1</h2><div class="spacer"></div><div><span class="battle-nickname" title="Purugly">Purugly</span> used <strong>U-turn</strong>!</div><div><small>It's not very effective... </small><small>The opposing <span class="battle-nickname-foe" title="Ariados">Ariados</span> lost 12% of its health!</small><br></div><div><small><span class="battle-nickname" title="Purugly">Purugly</span> lost some of its HP!</small></div><div class="spacer"></div><div><span class="battle-nickname" title="Purugly">Purugly</span> went back to christofa!</div><div class="spacer"></div><div>Go! Xatu!</div><div class="spacer"></div><div>The opposing <span class="battle-nickname-foe" title="Ariados">Ariados</span> used <strong>Sticky Web</strong>!</div><div><small>[<span class="battle-nickname" title="Xatu">Xatu</span>'s Magic Bounce!]</small></div><div><span class="battle-nickname" title="Xatu">Xatu</span> bounced the Sticky Web back!</div><div><small>A sticky web spreads out on the ground around the opposing team!</small></div><h2>Turn 2</h2><div class="spacer"></div><div>The opposing <span class="battle-nickname-foe" title="Ariados">Ariados</span> used <strong>Sucker Punch</strong>!</div><div><small>But it failed!</small></div><div class="spacer"></div><div><span class="battle-nickname" title="Xatu">Xatu</span> used <strong>Thunder Wave</strong>!</div><div><small>The opposing <span class="battle-nickname-foe" title="Ariados">Ariados</span> is paralyzed! It may be unable to move!</small></div><h2>Turn 3</h2><div class="spacer"></div><div>The opposing <span class="battle-nickname-foe" title="Ariados">Ariados</span> used <strong>Sucker Punch</strong>!</div><div><small>But it failed!</small></div><div class="spacer"></div><div><span class="battle-nickname" title="Xatu">Xatu</span> used <strong>Light Screen</strong>!</div><div><small>Light Screen made your team stronger against special moves!</small></div><h2>Turn 4</h2><div class="spacer"></div><div>The opposing <span class="battle-nickname-foe" title="Ariados">Ariados</span> is paralyzed! It can't move!</div><div class="spacer"></div><div><span class="battle-nickname" title="Xatu">Xatu</span> used <strong>Psychic</strong>!</div><div><small>It's super effective! A critical hit! </small><small>The opposing <span class="battle-nickname-foe" title="Ariados">Ariados</span> lost 88% of its health!</small><br></div><div class="spacer"></div><div>The opposing <span class="battle-nickname-foe" title="Ariados">Ariados</span> fainted!</div><div class="chat message-error">Battle timer is ON: inactive players will automatically lose when time's up. (requested by jh02)</div><div class="spacer"></div><div>jh02 sent out Zapdos!</div><h2>Turn 5</h2><div class="spacer"></div><div><span class="battle-nickname" title="Xatu">Xatu</span>, come back!</div><div class="spacer"></div><div>Go! Purugly!</div><div class="spacer"></div><div>The opposing <span class="battle-nickname-foe" title="Zapdos">Zapdos</span> used <strong>Defog</strong>!</div><div><small><span class="battle-nickname" title="Purugly">Purugly</span>'s evasiveness fell! </small></div><div><small>Your team's Light Screen wore off!</small></div><div><small>The sticky web has disappeared from the ground around the opposing team!</small></div><h2>Turn 6</h2><div class="spacer"></div><div>jh02 withdrew Zapdos!</div><div class="spacer"></div><div>jh02 sent out Lunatone!</div><div class="spacer"></div><div><span class="battle-nickname" title="Purugly">Purugly</span> used <strong>Return</strong>!</div><div><small>It's not very effective... </small><small>The opposing <span class="battle-nickname-foe" title="Lunatone">Lunatone</span> lost 27% of its health!</small><br></div><div><small><span class="battle-nickname" title="Purugly">Purugly</span> lost some of its HP!</small></div><div class="spacer"></div><div><small>The opposing <span class="battle-nickname-foe" title="Lunatone">Lunatone</span> restored a little HP using its Leftovers!</small></div><h2>Turn 7</h2><div class="spacer"></div><div><span class="battle-nickname" title="Purugly">Purugly</span> used <strong>U-turn</strong>!</div><div><small>It's super effective! </small><small>The opposing <span class="battle-nickname-foe" title="Lunatone">Lunatone</span> lost 51% of its health!</small><br></div><div><small><span class="battle-nickname" title="Purugly">Purugly</span> lost some of its HP!</small></div><div class="spacer"></div><div><span class="battle-nickname" title="Purugly">Purugly</span> went back to christofa!</div><div class="spacer"></div><div>Go! Xatu!</div><div class="spacer"></div><div>The opposing <span class="battle-nickname-foe" title="Lunatone">Lunatone</span> used <strong>Calm Mind</strong>!</div><div><small>The opposing <span class="battle-nickname-foe" title="Lunatone">Lunatone</span>'s Special Attack rose! The opposing <span class="battle-nickname-foe" title="Lunatone">Lunatone</span>'s Special Defense rose! </small></div><div class="spacer"></div><div><small>The opposing <span class="battle-nickname-foe" title="Lunatone">Lunatone</span> restored a little HP using its Leftovers!</small></div><h2>Turn 8</h2><div class="spacer"></div><div><span class="battle-nickname" title="Xatu">Xatu</span> used <strong>Thunder Wave</strong>!</div><div><small>The opposing <span class="battle-nickname-foe" title="Lunatone">Lunatone</span> is paralyzed! It may be unable to move!</small></div><div class="spacer"></div><div>The opposing <span class="battle-nickname-foe" title="Lunatone">Lunatone</span> used <strong>Moonlight</strong>!</div><div><small>The opposing <span class="battle-nickname-foe" title="Lunatone">Lunatone</span> restored its HP.</small></div><div class="spacer"></div><div><small>The opposing <span class="battle-nickname-foe" title="Lunatone">Lunatone</span> restored a little HP using its Leftovers!</small></div><h2>Turn 9</h2><div class="spacer"></div><div><span class="battle-nickname" title="Xatu">Xatu</span>, come back!</div><div class="spacer"></div><div>Go! Octillery!</div><div class="spacer"></div><div>The opposing <span class="battle-nickname-foe" title="Lunatone">Lunatone</span> used <strong>Power Gem</strong>!</div><div><small><span class="battle-nickname" title="Octillery">Octillery</span> lost 54% of its health!</small><br></div><div class="spacer"></div><div><small>The opposing <span class="battle-nickname-foe" title="Lunatone">Lunatone</span> restored a little HP using its Leftovers!</small></div><h2>Turn 10</h2><div class="spacer"></div><div><span class="battle-nickname" title="Octillery">Octillery</span> used <strong>Gunk Shot</strong>!</div><div><small>It's not very effective... </small><small>The opposing <span class="battle-nickname-foe" title="Lunatone">Lunatone</span> lost 20% of its health!</small><br></div><div class="spacer"></div><div>The opposing <span class="battle-nickname-foe" title="Lunatone">Lunatone</span> used <strong>Power Gem</strong>!</div><div><small><span class="battle-nickname" title="Octillery">Octillery</span> lost 46% of its health!</small><br></div><div class="spacer"></div><div><span class="battle-nickname" title="Octillery">Octillery</span> fainted!</div><div class="spacer"></div><div><small>The opposing <span class="battle-nickname-foe" title="Lunatone">Lunatone</span> restored a little HP using its Leftovers!</small></div><div class="spacer"></div><div>Go! Mienshao!</div><h2>Turn 11</h2><div class="spacer"></div><div><span class="battle-nickname" title="Mienshao">Mienshao</span> used <strong>Knock Off</strong>!</div><div><small>It's super effective! </small><small>The opposing <span class="battle-nickname-foe" title="Lunatone">Lunatone</span> lost 72% of its health!</small><br></div><div><small><span class="battle-nickname" title="Mienshao">Mienshao</span> knocked off the opposing <span class="battle-nickname-foe" title="Lunatone">Lunatone</span>'s Leftovers!</small></div><div class="spacer"></div><div>The opposing <span class="battle-nickname-foe" title="Lunatone">Lunatone</span> used <strong>Psychic</strong>!</div><div><small>It's super effective! </small><small><span class="battle-nickname" title="Mienshao">Mienshao</span> lost 100% of its health!</small><br></div><div class="spacer"></div><div><span class="battle-nickname" title="Mienshao">Mienshao</span> fainted!</div><div class="spacer"></div><div>Go! Purugly!</div><h2>Turn 12</h2><div class="spacer"></div><div><span class="battle-nickname" title="Purugly">Purugly</span> used <strong>U-turn</strong>!</div><div><small>It's super effective! A critical hit! </small><small>The opposing <span class="battle-nickname-foe" title="Lunatone">Lunatone</span> lost 12% of its health!</small><br></div><div><small><span class="battle-nickname" title="Purugly">Purugly</span> lost some of its HP!</small></div><div class="spacer"></div><div>The opposing <span class="battle-nickname-foe" title="Lunatone">Lunatone</span> fainted!</div><div class="spacer"></div><div><span class="battle-nickname" title="Purugly">Purugly</span> went back to christofa!</div><div class="spacer"></div><div>Go! Crabominable!</div><div class="spacer"></div><div>jh02 sent out Shuckle!</div><h2>Turn 13</h2><div class="spacer"></div><div><span class="battle-nickname" title="Crabominable">Crabominable</span>, come back!</div><div class="spacer"></div><div>Go! Xatu!</div><div class="spacer"></div><div>The opposing <span class="battle-nickname-foe" title="Shuckle">Shuckle</span> used <strong>Knock Off</strong>!</div><div><small>It's super effective! A critical hit! </small><small><span class="battle-nickname" title="Xatu">Xatu</span> lost 32% of its health!</small><br></div><div><small>The opposing <span class="battle-nickname-foe" title="Shuckle">Shuckle</span> knocked off <span class="battle-nickname" title="Xatu">Xatu</span>'s Light Clay!</small></div><h2>Turn 14</h2><div class="spacer"></div><div><span class="battle-nickname" title="Xatu">Xatu</span> used <strong>Light Screen</strong>!</div><div><small>Light Screen made your team stronger against special moves!</small></div><div class="spacer"></div><div>The opposing <span class="battle-nickname-foe" title="Shuckle">Shuckle</span> used <strong>Encore</strong>!</div><div><small>[<span class="battle-nickname" title="Xatu">Xatu</span>'s Magic Bounce!]</small></div><div><span class="battle-nickname" title="Xatu">Xatu</span> bounced the Encore back!</div><div><small>But it failed!</small></div><h2>Turn 15</h2><div class="spacer"></div><div><span class="battle-nickname" title="Xatu">Xatu</span> used <strong>Psychic</strong>!</div><div><small>A critical hit! </small><small>The opposing <span class="battle-nickname-foe" title="Shuckle">Shuckle</span> lost 35% of its health!</small><br></div><div class="spacer"></div><div>The opposing <span class="battle-nickname-foe" title="Shuckle">Shuckle</span> used <strong>Knock Off</strong>!</div><div><small>It's super effective! </small><small><span class="battle-nickname" title="Xatu">Xatu</span> lost 13% of its health!</small><br></div><div class="spacer"></div><div><small>The opposing <span class="battle-nickname-foe" title="Shuckle">Shuckle</span> restored a little HP using its Leftovers!</small></div><h2>Turn 16</h2><div class="spacer"></div><div><span class="battle-nickname" title="Xatu">Xatu</span> used <strong>Thunder Wave</strong>!</div><div><small>The opposing <span class="battle-nickname-foe" title="Shuckle">Shuckle</span> avoided the attack!</small></div><div class="spacer"></div><div>The opposing <span class="battle-nickname-foe" title="Shuckle">Shuckle</span> used <strong>Knock Off</strong>!</div><div><small>It's super effective! </small><small><span class="battle-nickname" title="Xatu">Xatu</span> lost 16% of its health!</small><br></div><div class="spacer"></div><div><small>The opposing <span class="battle-nickname-foe" title="Shuckle">Shuckle</span> restored a little HP using its Leftovers!</small></div><h2>Turn 17</h2><div class="spacer"></div><div>jh02 withdrew Shuckle!</div><div class="spacer"></div><div>jh02 sent out Zapdos!</div><div class="spacer"></div><div><span class="battle-nickname" title="Xatu">Xatu</span> used <strong>Psychic</strong>!</div><div><small>The opposing <span class="battle-nickname-foe" title="Zapdos">Zapdos</span> lost 37% of its health!</small><br></div><div class="spacer"></div><div><small>The opposing <span class="battle-nickname-foe" title="Zapdos">Zapdos</span> restored a little HP using its Leftovers!</small></div><h2>Turn 18</h2><div class="spacer"></div><div><span class="battle-nickname" title="Xatu">Xatu</span> used <strong>Psychic</strong>!</div><div><small>The opposing <span class="battle-nickname-foe" title="Zapdos">Zapdos</span> lost 35% of its health!</small><br></div><div class="spacer"></div><div>The opposing <span class="battle-nickname-foe" title="Zapdos">Zapdos</span> used <strong>Thunderbolt</strong>!</div><div><small>It's super effective! </small><small><span class="battle-nickname" title="Xatu">Xatu</span> lost 39% of its health!</small><br></div><div class="spacer"></div><div><span class="battle-nickname" title="Xatu">Xatu</span> fainted!</div><div class="spacer"></div><div><small>The opposing <span class="battle-nickname-foe" title="Zapdos">Zapdos</span> restored a little HP using its Leftovers!</small></div><div><small>Your team's Light Screen wore off!</small></div><div class="spacer"></div><div>Go! Purugly!</div><h2>Turn 19</h2><div class="spacer"></div><div><span class="battle-nickname" title="Purugly">Purugly</span> used <strong>Return</strong>!</div><div><small>The opposing <span class="battle-nickname-foe" title="Zapdos">Zapdos</span> lost 41% of its health!</small><br></div><div><small><span class="battle-nickname" title="Purugly">Purugly</span> lost some of its HP!</small></div><div class="spacer"></div><div>The opposing <span class="battle-nickname-foe" title="Zapdos">Zapdos</span> fainted!</div><div class="spacer"></div><div>jh02 sent out Shuckle!</div><h2>Turn 20</h2><div class="spacer"></div><div><span class="battle-nickname" title="Purugly">Purugly</span> used <strong>U-turn</strong>!</div><div><small>The opposing <span class="battle-nickname-foe" title="Shuckle">Shuckle</span> lost 17% of its health!</small><br></div><div><small><span class="battle-nickname" title="Purugly">Purugly</span> lost some of its HP!</small></div><div class="spacer"></div><div><span class="battle-nickname" title="Purugly">Purugly</span> went back to christofa!</div><div class="spacer"></div><div>Go! Espeon!</div><div class="spacer"></div><div>The opposing <span class="battle-nickname-foe" title="Shuckle">Shuckle</span> used <strong>Sticky Web</strong>!</div><div><small>[<span class="battle-nickname" title="Espeon">Espeon</span>'s Magic Bounce!]</small></div><div><span class="battle-nickname" title="Espeon">Espeon</span> bounced the Sticky Web back!</div><div><small>A sticky web spreads out on the ground around the opposing team!</small></div><div class="spacer"></div><div><small>The opposing <span class="battle-nickname-foe" title="Shuckle">Shuckle</span> restored a little HP using its Leftovers!</small></div><h2>Turn 21</h2><div class="spacer"></div><div><span class="battle-nickname" title="Espeon">Espeon</span> used <strong>Substitute</strong>!</div><div><small><span class="battle-nickname" title="Espeon">Espeon</span> put in a substitute!</small></div><div><small><span class="battle-nickname" title="Espeon">Espeon</span> lost 25% of its health!</small><br></div><div class="spacer"></div><div>The opposing <span class="battle-nickname-foe" title="Shuckle">Shuckle</span> used <strong>Infestation</strong>!</div><div><small>It's super effective! The substitute took damage for <span class="battle-nickname" title="Espeon">Espeon</span>!</small></div><div class="spacer"></div><div><small><span class="battle-nickname" title="Espeon">Espeon</span> restored a little HP using its Leftovers!</small></div><div><small>The opposing <span class="battle-nickname-foe" title="Shuckle">Shuckle</span> restored a little HP using its Leftovers!</small></div><h2>Turn 22</h2><div class="spacer"></div><div><span class="battle-nickname" title="Espeon">Espeon</span> used <strong>Psyshock</strong>!</div><div><small>The opposing <span class="battle-nickname-foe" title="Shuckle">Shuckle</span> lost 30% of its health!</small><br></div><div class="spacer"></div><div>The opposing <span class="battle-nickname-foe" title="Shuckle">Shuckle</span> used <strong>Knock Off</strong>!</div><div><small>It's super effective! <span class="battle-nickname" title="Espeon">Espeon</span>'s substitute faded!</small></div><div class="spacer"></div><div><small><span class="battle-nickname" title="Espeon">Espeon</span> restored a little HP using its Leftovers!</small></div><div><small>The opposing <span class="battle-nickname-foe" title="Shuckle">Shuckle</span> restored a little HP using its Leftovers!</small></div><h2>Turn 23</h2><div class="spacer"></div><div><span class="battle-nickname" title="Espeon">Espeon</span> used <strong>Substitute</strong>!</div><div><small><span class="battle-nickname" title="Espeon">Espeon</span> put in a substitute!</small></div><div><small><span class="battle-nickname" title="Espeon">Espeon</span> lost 25% of its health!</small><br></div><div class="spacer"></div><div>The opposing <span class="battle-nickname-foe" title="Shuckle">Shuckle</span> used <strong>Knock Off</strong>!</div><div><small>It's super effective! The substitute took damage for <span class="battle-nickname" title="Espeon">Espeon</span>!</small></div><div class="spacer"></div><div><small><span class="battle-nickname" title="Espeon">Espeon</span> restored a little HP using its Leftovers!</small></div><div><small>The opposing <span class="battle-nickname-foe" title="Shuckle">Shuckle</span> restored a little HP using its Leftovers!</small></div><h2>Turn 24</h2><div class="spacer"></div><div><span class="battle-nickname" title="Espeon">Espeon</span> used <strong>Shadow Ball</strong>!</div><div><small>The opposing <span class="battle-nickname-foe" title="Shuckle">Shuckle</span> lost 20% of its health!</small><br></div><div><small>The opposing <span class="battle-nickname-foe" title="Shuckle">Shuckle</span>'s Special Defense fell! </small></div><div class="spacer"></div><div>The opposing <span class="battle-nickname-foe" title="Shuckle">Shuckle</span> used <strong>Knock Off</strong>!</div><div><small>It's super effective! <span class="battle-nickname" title="Espeon">Espeon</span>'s substitute faded!</small></div><div class="spacer"></div><div><small><span class="battle-nickname" title="Espeon">Espeon</span> restored a little HP using its Leftovers!</small></div><div><small>The opposing <span class="battle-nickname-foe" title="Shuckle">Shuckle</span> restored a little HP using its Leftovers!</small></div><h2>Turn 25</h2><div class="spacer"></div><div><span class="battle-nickname" title="Espeon">Espeon</span> used <strong>Substitute</strong>!</div><div><small><span class="battle-nickname" title="Espeon">Espeon</span> put in a substitute!</small></div><div><small><span class="battle-nickname" title="Espeon">Espeon</span> lost 25% of its health!</small><br></div><div class="spacer"></div><div>The opposing <span class="battle-nickname-foe" title="Shuckle">Shuckle</span> used <strong>Knock Off</strong>!</div><div><small>It's super effective! The substitute took damage for <span class="battle-nickname" title="Espeon">Espeon</span>!</small></div><div class="spacer"></div><div><small><span class="battle-nickname" title="Espeon">Espeon</span> restored a little HP using its Leftovers!</small></div><div><small>The opposing <span class="battle-nickname-foe" title="Shuckle">Shuckle</span> restored a little HP using its Leftovers!</small></div><h2>Turn 26</h2><div class="spacer"></div><div><span class="battle-nickname" title="Espeon">Espeon</span> used <strong>Morning Sun</strong>!</div><div><small><span class="battle-nickname" title="Espeon">Espeon</span> restored its HP.</small></div><div class="spacer"></div><div>The opposing <span class="battle-nickname-foe" title="Shuckle">Shuckle</span> used <strong>Knock Off</strong>!</div><div><small>It's super effective! A critical hit! <span class="battle-nickname" title="Espeon">Espeon</span>'s substitute faded!</small></div><div class="spacer"></div><div><small>The opposing <span class="battle-nickname-foe" title="Shuckle">Shuckle</span> restored a little HP using its Leftovers!</small></div><h2>Turn 27</h2><div class="spacer"></div><div>jh02 withdrew Shuckle!</div><div class="spacer"></div><div>jh02 sent out Dewgong!</div><div><small>The opposing <span class="battle-nickname-foe" title="Dewgong">Dewgong</span> was caught in a sticky web!</small></div><div><small>The opposing <span class="battle-nickname-foe" title="Dewgong">Dewgong</span>'s Speed fell! </small></div><div class="spacer"></div><div><span class="battle-nickname" title="Espeon">Espeon</span> used <strong>Substitute</strong>!</div><div><small><span class="battle-nickname" title="Espeon">Espeon</span> put in a substitute!</small></div><div><small><span class="battle-nickname" title="Espeon">Espeon</span> lost 25% of its health!</small><br></div><div class="spacer"></div><div><small><span class="battle-nickname" title="Espeon">Espeon</span> restored a little HP using its Leftovers!</small></div><h2>Turn 28</h2><div class="spacer"></div><div><span class="battle-nickname" title="Espeon">Espeon</span> used <strong>Psyshock</strong>!</div><div><small>A critical hit! </small><small>The opposing <span class="battle-nickname-foe" title="Dewgong">Dewgong</span> lost 63% of its health!</small><br></div><div class="spacer"></div><div>The opposing <span class="battle-nickname-foe" title="Dewgong">Dewgong</span> used <strong>Surf</strong>!</div><div><small><span class="battle-nickname" title="Espeon">Espeon</span>'s substitute faded!</small></div><div class="spacer"></div><div><small><span class="battle-nickname" title="Espeon">Espeon</span> restored a little HP using its Leftovers!</small></div><div><small>The opposing <span class="battle-nickname-foe" title="Dewgong">Dewgong</span> restored a little HP using its Leftovers!</small></div><h2>Turn 29</h2><div class="spacer"></div><div><span class="battle-nickname" title="Espeon">Espeon</span> used <strong>Psyshock</strong>!</div><div><small>The opposing <span class="battle-nickname-foe" title="Dewgong">Dewgong</span> lost 37% of its health!</small><br></div><div class="spacer"></div><div>The opposing <span class="battle-nickname-foe" title="Dewgong">Dewgong</span> used <strong>Surf</strong>!</div><div><small><span class="battle-nickname" title="Espeon">Espeon</span> lost 31% of its health!</small><br></div><div class="spacer"></div><div><small><span class="battle-nickname" title="Espeon">Espeon</span> restored a little HP using its Leftovers!</small></div><div><small>The opposing <span class="battle-nickname-foe" title="Dewgong">Dewgong</span> restored a little HP using its Leftovers!</small></div><h2>Turn 30</h2><div class="spacer"></div><div><span class="battle-nickname" title="Espeon">Espeon</span> used <strong>Shadow Ball</strong>!</div><div><small>The opposing <span class="battle-nickname-foe" title="Dewgong">Dewgong</span> lost 12% of its health!</small><br></div><div class="spacer"></div><div>The opposing <span class="battle-nickname-foe" title="Dewgong">Dewgong</span> fainted!</div><div class="spacer"></div><div><small><span class="battle-nickname" title="Espeon">Espeon</span> restored a little HP using its Leftovers!</small></div><div class="spacer"></div><div>jh02 sent out Tapu Bulu!</div><div><small>The opposing <span class="battle-nickname-foe" title="Tapu Bulu">Tapu Bulu</span> was caught in a sticky web!</small></div><div><small>The opposing <span class="battle-nickname-foe" title="Tapu Bulu">Tapu Bulu</span>'s Speed fell! </small></div><div><small>[Opposing <span class="battle-nickname-foe" title="Tapu Bulu">Tapu Bulu</span>'s Grassy Surge!]</small></div><div><small>Grass grew to cover the battlefield!</small></div><h2>Turn 31</h2><div class="spacer"></div><div><span class="battle-nickname" title="Espeon">Espeon</span> used <strong>Substitute</strong>!</div><div><small><span class="battle-nickname" title="Espeon">Espeon</span> put in a substitute!</small></div><div><small><span class="battle-nickname" title="Espeon">Espeon</span> lost 25% of its health!</small><br></div><div class="spacer"></div><div>The opposing <span class="battle-nickname-foe" title="Tapu Bulu">Tapu Bulu</span> used <strong>Megahorn</strong>!</div><div><small>It's super effective! <span class="battle-nickname" title="Espeon">Espeon</span>'s substitute faded!</small></div><div class="spacer"></div><div><small><span class="battle-nickname" title="Espeon">Espeon</span> restored a little HP using its Leftovers!</small></div><div><small><span class="battle-nickname" title="Espeon">Espeon</span> restored HP using its Grassy Terrain!</small></div><h2>Turn 32</h2><div class="spacer"></div><div><span class="battle-nickname" title="Espeon">Espeon</span>, come back!</div><div class="spacer"></div><div>Go! Crabominable!</div><div class="spacer"></div><div>The opposing <span class="battle-nickname-foe" title="Tapu Bulu">Tapu Bulu</span> used <strong>Megahorn</strong>!</div><div><small>It's not very effective... </small><small><span class="battle-nickname" title="Crabominable">Crabominable</span> lost 18% of its health!</small><br></div><div class="spacer"></div><div><small><span class="battle-nickname" title="Crabominable">Crabominable</span> restored HP using its Grassy Terrain!</small></div><h2>Turn 33</h2><div class="spacer"></div><div>jh02 withdrew Tapu Bulu!</div><div class="spacer"></div><div>jh02 sent out Shuckle!</div><div><small>The opposing <span class="battle-nickname-foe" title="Shuckle">Shuckle</span> was caught in a sticky web!</small></div><div><small>The opposing <span class="battle-nickname-foe" title="Shuckle">Shuckle</span>'s Speed fell! </small></div><div class="spacer"></div><div><span class="battle-nickname" title="Crabominable">Crabominable</span> used <strong>Ice Hammer</strong>!</div><div><small>The opposing <span class="battle-nickname-foe" title="Shuckle">Shuckle</span> lost 55% of its health!</small><br></div><div><small><span class="battle-nickname" title="Crabominable">Crabominable</span>'s Speed fell! </small></div><div class="spacer"></div><div>The opposing <span class="battle-nickname-foe" title="Shuckle">Shuckle</span> fainted!</div><div class="spacer"></div><div><small><span class="battle-nickname" title="Crabominable">Crabominable</span> restored HP using its Grassy Terrain!</small></div><div class="spacer"></div><div>jh02 sent out Tapu Bulu!</div><div><small>The opposing <span class="battle-nickname-foe" title="Tapu Bulu">Tapu Bulu</span> was caught in a sticky web!</small></div><div><small>The opposing <span class="battle-nickname-foe" title="Tapu Bulu">Tapu Bulu</span>'s Speed fell! </small></div><h2>Turn 34</h2><div class="chat chatmessage-christofa"><strong style="color:hsl(10,61.536176%,46.463824%);"><small>☆</small><span class="username" data-name="christofa">christofa</span>:</strong> <em>comon put it out</em></div><div class="spacer"></div><div><span class="battle-nickname" title="Crabominable">Crabominable</span>, come back!</div><div class="spacer"></div><div>Go! Espeon!</div><div class="spacer"></div><div>The opposing <span class="battle-nickname-foe" title="Tapu Bulu">Tapu Bulu</span> used <strong>Superpower</strong>!</div><div><small>It's not very effective... </small><small><span class="battle-nickname" title="Espeon">Espeon</span> lost 27% of its health!</small><br></div><div><small>The opposing <span class="battle-nickname-foe" title="Tapu Bulu">Tapu Bulu</span>'s Attack fell! The opposing <span class="battle-nickname-foe" title="Tapu Bulu">Tapu Bulu</span>'s Defense fell! </small></div><div class="spacer"></div><div><small><span class="battle-nickname" title="Espeon">Espeon</span> restored a little HP using its Leftovers!</small></div><div><small><span class="battle-nickname" title="Espeon">Espeon</span> restored HP using its Grassy Terrain!</small></div><h2>Turn 35</h2><div class="chat chatmessage-christofa"><strong style="color:hsl(10,61.536176%,46.463824%);"><small>☆</small><span class="username" data-name="christofa">christofa</span>:</strong> <em>gg</em></div><div class="spacer"></div><div><small>jh02 forfeited.</small></div><div class="spacer"></div><div>christofa won the battle!</div><div class="chat"><small>jh02 left.</small></div></div></div>
</div>
<script>
var daily = Math.floor(Date.now()/1000/60/60/24);document.write('<script src="https://play.pokemonshowdown.com/js/replay-embed.js?version'+daily+'"></'+'script>');
</script>
