<!DOCTYPE html>
<meta charset="utf-8" />
<!-- version 1 -->
<title>[Gen 7] Random Battle replay: Lt. Col. Sharbel vs. LuucasRod</title>
<style>
html,body {font-family:Verdana, sans-serif;font-size:10pt;margin:0;padding:0;}body{padding:12px 0;} .battle-log {font-family:Verdana, sans-serif;font-size:10pt;} .battle-log-inline {border:1px solid #AAAAAA;background:#EEF2F5;color:black;max-width:640px;margin:0 auto 80px;padding-bottom:5px;} .battle-log .inner {padding:4px 8px 0px 8px;} .battle-log .inner-preempt {padding:0 8px 4px 8px;} .battle-log .inner-after {margin-top:0.5em;} .battle-log h2 {margin:0.5em -8px;padding:4px 8px;border:1px solid #AAAAAA;background:#E0E7EA;border-left:0;border-right:0;font-family:Verdana, sans-serif;font-size:13pt;} .battle-log .chat {vertical-align:middle;padding:3px 0 3px 0;font-size:8pt;} .battle-log .chat strong {color:#40576A;} .battle-log .chat em {padding:1px 4px 1px 3px;color:#000000;font-style:normal;} .chat.mine {background:rgba(0,0,0,0.05);margin-left:-8px;margin-right:-8px;padding-left:8px;padding-right:8px;} .spoiler {color:#BBBBBB;background:#BBBBBB;padding:0px 3px;} .spoiler:hover, .spoiler:active, .spoiler-shown {color:#000000;background:#E2E2E2;padding:0px 3px;} .spoiler a {color:#BBBBBB;} .spoiler:hover a, .spoiler:active a, .spoiler-shown a {color:#2288CC;} .chat code, .chat .spoiler:hover code, .chat .spoiler:active code, .chat .spoiler-shown code {border:1px solid #C0C0C0;background:#EEEEEE;color:black;padding:0 2px;} .chat .spoiler code {border:1px solid #CCCCCC;background:#CCCCCC;color:#CCCCCC;} .battle-log .rated {padding:3px 4px;} .battle-log .rated strong {color:white;background:#89A;padding:1px 4px;border-radius:4px;} .spacer {margin-top:0.5em;} .message-announce {background:#6688AA;color:white;padding:1px 4px 2px;} .message-announce a, .broadcast-green a, .broadcast-blue a, .broadcast-red a {color:#DDEEFF;} .broadcast-green {background-color:#559955;color:white;padding:2px 4px;} .broadcast-blue {background-color:#6688AA;color:white;padding:2px 4px;} .infobox {border:1px solid #6688AA;padding:2px 4px;} .infobox-limited {max-height:200px;overflow:auto;overflow-x:hidden;} .broadcast-red {background-color:#AA5544;color:white;padding:2px 4px;} .message-learn-canlearn {font-weight:bold;color:#228822;text-decoration:underline;} .message-learn-cannotlearn {font-weight:bold;color:#CC2222;text-decoration:underline;} .message-effect-weak {font-weight:bold;color:#CC2222;} .message-effect-resist {font-weight:bold;color:#6688AA;} .message-effect-immune {font-weight:bold;color:#666666;} .message-learn-list {margin-top:0;margin-bottom:0;} .message-throttle-notice, .message-error {color:#992222;} .message-overflow, .chat small.message-overflow {font-size:0pt;} .message-overflow::before {font-size:9pt;content:'...';} .subtle {color:#3A4A66;}
</style>
<div class="wrapper replay-wrapper" style="max-width:1180px;margin:0 auto">
<input type="hidden" name="replayid" value="gen7randombattle-566893187" />
<div class="battle"></div><div class="battle-log"></div><div class="replay-controls"></div><div class="replay-controls-2"></div>
<h1 style="font-weight:normal;text-align:center"><strong>[Gen 7] Random Battle</strong><br /><a href="http://pokemonshowdown.com/users/ltcolsharbel" class="subtle" target="_blank">Lt. Col. Sharbel</a> vs. <a href="http://pokemonshowdown.com/users/luucasrod" class="subtle" target="_blank">LuucasRod</a></h1>
<script type="text/plain" class="battle-log-data">|J|Lt. Col. Sharbel
|j|LuucasRod
|player|p1|Lt. Col. Sharbel|156
|player|p2|LuucasRod|2
|gametype|singles
|gen|7
|tier|[Gen 7] Random Battle
|rated
|seed|21581,50554,27239,8791,32853,45619,13605,60534,36436,34649,10091,22340
|rule|Sleep Clause Mod: Limit one foe put to sleep
|rule|HP Percentage Mod: HP is shown in percentages
|
|start
|switch|p1a: Amoonguss|Amoonguss, L77, M|100\/100
|switch|p2a: Bibarel|Bibarel, L79, M|100\/100
|turn|1
|choice|move stunspore|move return
|
|move|p2a: Bibarel|Return|p1a: Amoonguss
|-damage|p1a: Amoonguss|54\/100
|-damage|p2a: Bibarel|91\/100|[from] item: Life Orb
|move|p1a: Amoonguss|Stun Spore|p2a: Bibarel
|-status|p2a: Bibarel|par
|
|-heal|p1a: Amoonguss|60\/100|[from] item: Black Sludge
|upkeep
|turn|2
|choice|move gigadrain|move return
|
|move|p1a: Amoonguss|Giga Drain|p2a: Bibarel
|-supereffective|p2a: Bibarel
|-damage|p2a: Bibarel|29\/100 par
|-heal|p1a: Amoonguss|86\/100|[from] drain|[of] p2a: Bibarel
|cant|p2a: Bibarel|par
|
|-heal|p1a: Amoonguss|92\/100|[from] item: Black Sludge
|upkeep
|turn|3
|choice|move stunspore|move quickattack
|
|cant|p2a: Bibarel|par
|move|p1a: Amoonguss|Stun Spore|p2a: Bibarel
|-fail|p2a: Bibarel|par
|
|-heal|p1a: Amoonguss|98\/100|[from] item: Black Sludge
|upkeep
|turn|4
|choice|move gigadrain|move quickattack
|
|move|p2a: Bibarel|Quick Attack|p1a: Amoonguss
|-damage|p1a: Amoonguss|80\/100
|-damage|p2a: Bibarel|19\/100 par|[from] item: Life Orb
|move|p1a: Amoonguss|Giga Drain|p2a: Bibarel
|-supereffective|p2a: Bibarel
|-damage|p2a: Bibarel|0 fnt
|-heal|p1a: Amoonguss|88\/100|[from] drain|[of] p2a: Bibarel
|faint|p2a: Bibarel
|
|-heal|p1a: Amoonguss|94\/100|[from] item: Black Sludge
|upkeep
|inactive|Battle timer is ON: inactive players will automatically lose when time's up. (requested by Lt. Col. Sharbel)
|choice||switch 2
|
|switch|p2a: Talonflame|Talonflame, L78, F|100\/100
|turn|5
|choice|move stunspore|move flareblitz
|
|move|p2a: Talonflame|Flare Blitz|p1a: Amoonguss
|-supereffective|p1a: Amoonguss
|-damage|p1a: Amoonguss|0 fnt
|-damage|p2a: Talonflame|63\/100|[from] recoil|[of] p1a: Amoonguss
|-damage|p2a: Talonflame|54\/100|[from] item: Life Orb
|faint|p1a: Amoonguss
|
|upkeep
|choice|switch 5|
|
|switch|p1a: Kabutops|Kabutops, L79, M|100\/100
|turn|6
|choice|move swordsdance|move uturn
|
|move|p2a: Talonflame|U-turn|p1a: Kabutops
|-crit|p1a: Kabutops
|-damage|p1a: Kabutops|70\/100
|-damage|p2a: Talonflame|44\/100|[from] item: Life Orb
|choice||switch 6
|
|switch|p2a: Celebi|Celebi, L77|100\/100
|move|p1a: Kabutops|Swords Dance|p1a: Kabutops
|-boost|p1a: Kabutops|atk|2
|
|upkeep
|turn|7
|choice|move knockoff|move gigadrain
|
|move|p2a: Celebi|Giga Drain|p1a: Kabutops
|-supereffective|p1a: Kabutops
|-damage|p1a: Kabutops|0 fnt
|faint|p1a: Kabutops
|
|upkeep
|choice|switch 2|
|
|switch|p1a: Dunsparce|Dunsparce, L79, F|100\/100
|turn|8
|choice|move coil|move nastyplot
|
|move|p2a: Celebi|Nasty Plot|p2a: Celebi
|-boost|p2a: Celebi|spa|2
|move|p1a: Dunsparce|Coil|p1a: Dunsparce
|-boost|p1a: Dunsparce|atk|1
|-boost|p1a: Dunsparce|def|1
|-boost|p1a: Dunsparce|accuracy|1
|
|upkeep
|turn|9
|choice|move bite|move psychic
|
|move|p2a: Celebi|Psychic|p1a: Dunsparce
|-crit|p1a: Dunsparce
|-damage|p1a: Dunsparce|0 fnt
|faint|p1a: Dunsparce
|
|upkeep
|-message|Lt. Col. Sharbel forfeited.
|
|win|LuucasRod
|L|Lt. Col. Sharbel
|raw|Lt. Col. Sharbel's rating: 1065 &rarr; <strong>1050<\/strong><br \/>(-15 for losing)
|raw|LuucasRod's rating: 1136 &rarr; <strong>1156<\/strong><br \/>(+20 for winning)</script>
</div>
<div class="battle-log battle-log-inline"><div class="inner"><div class="chat"><small>LuucasRod joined.</small></div><div style="padding:5px 0"><small>Format:</small> <br><strong>[Gen 7] Random Battle</strong></div><div class="rated"><strong>Rated battle</strong></div><div><small><em>Sleep Clause Mod:</em> Limit one foe put to sleep</small></div><div><small><em>HP Percentage Mod:</em> HP is shown in percentages</small></div><div>Battle between Lt. Col. Sharbel and LuucasRod started!</div><div class="spacer"></div><div>Go! Amoonguss!</div><div class="spacer"></div><div>LuucasRod sent out Bibarel!</div><h2>Turn 1</h2><div class="spacer"></div><div>The opposing <span class="battle-nickname-foe" title="Bibarel">Bibarel</span> used <strong>Return</strong>!</div><div><small><span class="battle-nickname" title="Amoonguss">Amoonguss</span> lost 46% of its health!</small><br></div><div><small>The opposing <span class="battle-nickname-foe" title="Bibarel">Bibarel</span> lost some of its HP!</small></div><div class="spacer"></div><div><span class="battle-nickname" title="Amoonguss">Amoonguss</span> used <strong>Stun Spore</strong>!</div><div><small>The opposing <span class="battle-nickname-foe" title="Bibarel">Bibarel</span> is paralyzed! It may be unable to move!</small></div><div class="spacer"></div><div><small><span class="battle-nickname" title="Amoonguss">Amoonguss</span> restored a little HP using its Black Sludge!</small></div><h2>Turn 2</h2><div class="spacer"></div><div><span class="battle-nickname" title="Amoonguss">Amoonguss</span> used <strong>Giga Drain</strong>!</div><div><small>It's super effective! </small><small>The opposing <span class="battle-nickname-foe" title="Bibarel">Bibarel</span> lost 62% of its health!</small><br></div><div><small>The opposing <span class="battle-nickname-foe" title="Bibarel">Bibarel</span> had its energy drained!</small></div><div class="spacer"></div><div>The opposing <span class="battle-nickname-foe" title="Bibarel">Bibarel</span> is paralyzed! It can't move!</div><div class="spacer"></div><div><small><span class="battle-nickname" title="Amoonguss">Amoonguss</span> restored a little HP using its Black Sludge!</small></div><h2>Turn 3</h2><div class="spacer"></div><div>The opposing <span class="battle-nickname-foe" title="Bibarel">Bibarel</span> is paralyzed! It can't move!</div><div class="spacer"></div><div><span class="battle-nickname" title="Amoonguss">Amoonguss</span> used <strong>Stun Spore</strong>!</div><div><small>The opposing <span class="battle-nickname-foe" title="Bibarel">Bibarel</span> is already paralyzed.</small></div><div class="spacer"></div><div><small><span class="battle-nickname" title="Amoonguss">Amoonguss</span> restored a little HP using its Black Sludge!</small></div><h2>Turn 4</h2><div class="spacer"></div><div>The opposing <span class="battle-nickname-foe" title="Bibarel">Bibarel</span> used <strong>Quick Attack</strong>!</div><div><small><span class="battle-nickname" title="Amoonguss">Amoonguss</span> lost 18% of its health!</small><br></div><div><small>The opposing <span class="battle-nickname-foe" title="Bibarel">Bibarel</span> lost some of its HP!</small></div><div class="spacer"></div><div><span class="battle-nickname" title="Amoonguss">Amoonguss</span> used <strong>Giga Drain</strong>!</div><div><small>It's super effective! </small><small>The opposing <span class="battle-nickname-foe" title="Bibarel">Bibarel</span> lost 19% of its health!</small><br></div><div><small>The opposing <span class="battle-nickname-foe" title="Bibarel">Bibarel</span> had its energy drained!</small></div><div class="spacer"></div><div>The opposing <span class="battle-nickname-foe" title="Bibarel">Bibarel</span> fainted!</div><div class="spacer"></div><div><small><span class="battle-nickname" title="Amoonguss">Amoonguss</span> restored a little HP using its Black Sludge!</small></div><div class="chat message-error">Battle timer is ON: inactive players will automatically lose when time's up. (requested by Lt. Col. Sharbel)</div><div class="spacer"></div><div>LuucasRod sent out Talonflame!</div><h2>Turn 5</h2><div class="spacer"></div><div>The opposing <span class="battle-nickname-foe" title="Talonflame">Talonflame</span> used <strong>Flare Blitz</strong>!</div><div><small>It's super effective! </small><small><span class="battle-nickname" title="Amoonguss">Amoonguss</span> lost 94% of its health!</small><br></div><div><small>The opposing <span class="battle-nickname-foe" title="Talonflame">Talonflame</span> is damaged by the recoil!</small></div><div><small>The opposing <span class="battle-nickname-foe" title="Talonflame">Talonflame</span> lost some of its HP!</small></div><div class="spacer"></div><div><span class="battle-nickname" title="Amoonguss">Amoonguss</span> fainted!</div><div class="spacer"></div><div>Go! Kabutops!</div><h2>Turn 6</h2><div class="spacer"></div><div>The opposing <span class="battle-nickname-foe" title="Talonflame">Talonflame</span> used <strong>U-turn</strong>!</div><div><small>A critical hit! </small><small><span class="battle-nickname" title="Kabutops">Kabutops</span> lost 30% of its health!</small><br></div><div><small>The opposing <span class="battle-nickname-foe" title="Talonflame">Talonflame</span> lost some of its HP!</small></div><div class="spacer"></div><div>The opposing <span class="battle-nickname-foe" title="Talonflame">Talonflame</span> went back to LuucasRod!</div><div class="spacer"></div><div>LuucasRod sent out Celebi!</div><div class="spacer"></div><div><span class="battle-nickname" title="Kabutops">Kabutops</span> used <strong>Swords Dance</strong>!</div><div><small><span class="battle-nickname" title="Kabutops">Kabutops</span>'s Attack rose sharply! </small></div><h2>Turn 7</h2><div class="spacer"></div><div>The opposing <span class="battle-nickname-foe" title="Celebi">Celebi</span> used <strong>Giga Drain</strong>!</div><div><small>It's super effective! </small><small><span class="battle-nickname" title="Kabutops">Kabutops</span> lost 70% of its health!</small><br></div><div class="spacer"></div><div><span class="battle-nickname" title="Kabutops">Kabutops</span> fainted!</div><div class="spacer"></div><div>Go! Dunsparce!</div><h2>Turn 8</h2><div class="spacer"></div><div>The opposing <span class="battle-nickname-foe" title="Celebi">Celebi</span> used <strong>Nasty Plot</strong>!</div><div><small>The opposing <span class="battle-nickname-foe" title="Celebi">Celebi</span>'s Special Attack rose sharply! </small></div><div class="spacer"></div><div><span class="battle-nickname" title="Dunsparce">Dunsparce</span> used <strong>Coil</strong>!</div><div><small><span class="battle-nickname" title="Dunsparce">Dunsparce</span>'s Attack rose! <span class="battle-nickname" title="Dunsparce">Dunsparce</span>'s Defense rose! <span class="battle-nickname" title="Dunsparce">Dunsparce</span>'s accuracy rose! </small></div><h2>Turn 9</h2><div class="spacer"></div><div>The opposing <span class="battle-nickname-foe" title="Celebi">Celebi</span> used <strong>Psychic</strong>!</div><div><small>A critical hit! </small><small><span class="battle-nickname" title="Dunsparce">Dunsparce</span> lost 100% of its health!</small><br></div><div class="spacer"></div><div><span class="battle-nickname" title="Dunsparce">Dunsparce</span> fainted!</div><div class="spacer"></div><div><small>Lt. Col. Sharbel forfeited.</small></div><div class="spacer"></div><div>LuucasRod won the battle!</div><div class="chat">Lt. Col. Sharbel's rating: 1065 → <strong>1050</strong><br>(-15 for losing)</div><div class="chat">LuucasRod's rating: 1136 → <strong>1156</strong><br>(+20 for winning)</div></div></div>
</div>
<script>
var daily = Math.floor(Date.now()/1000/60/60/24);document.write('<script src="https://play.pokemonshowdown.com/js/replay-embed.js?version'+daily+'"></'+'script>');
</script>
