<!DOCTYPE html>
<meta charset="utf-8" />
<!-- version 1 -->
<title>[Gen 7] Random Battle replay: lucas512 vs. SaturnoBK</title>
<style>
html,body {font-family:Verdana, sans-serif;font-size:10pt;margin:0;padding:0;}body{padding:12px 0;} .battle-log {font-family:Verdana, sans-serif;font-size:10pt;} .battle-log-inline {border:1px solid #AAAAAA;background:#EEF2F5;color:black;max-width:640px;margin:0 auto 80px;padding-bottom:5px;} .battle-log .inner {padding:4px 8px 0px 8px;} .battle-log .inner-preempt {padding:0 8px 4px 8px;} .battle-log .inner-after {margin-top:0.5em;} .battle-log h2 {margin:0.5em -8px;padding:4px 8px;border:1px solid #AAAAAA;background:#E0E7EA;border-left:0;border-right:0;font-family:Verdana, sans-serif;font-size:13pt;} .battle-log .chat {vertical-align:middle;padding:3px 0 3px 0;font-size:8pt;} .battle-log .chat strong {color:#40576A;} .battle-log .chat em {padding:1px 4px 1px 3px;color:#000000;font-style:normal;} .chat.mine {background:rgba(0,0,0,0.05);margin-left:-8px;margin-right:-8px;padding-left:8px;padding-right:8px;} .spoiler {color:#BBBBBB;background:#BBBBBB;padding:0px 3px;} .spoiler:hover, .spoiler:active, .spoiler-shown {color:#000000;background:#E2E2E2;padding:0px 3px;} .spoiler a {color:#BBBBBB;} .spoiler:hover a, .spoiler:active a, .spoiler-shown a {color:#2288CC;} .chat code, .chat .spoiler:hover code, .chat .spoiler:active code, .chat .spoiler-shown code {border:1px solid #C0C0C0;background:#EEEEEE;color:black;padding:0 2px;} .chat .spoiler code {border:1px solid #CCCCCC;background:#CCCCCC;color:#CCCCCC;} .battle-log .rated {padding:3px 4px;} .battle-log .rated strong {color:white;background:#89A;padding:1px 4px;border-radius:4px;} .spacer {margin-top:0.5em;} .message-announce {background:#6688AA;color:white;padding:1px 4px 2px;} .message-announce a, .broadcast-green a, .broadcast-blue a, .broadcast-red a {color:#DDEEFF;} .broadcast-green {background-color:#559955;color:white;padding:2px 4px;} .broadcast-blue {background-color:#6688AA;color:white;padding:2px 4px;} .infobox {border:1px solid #6688AA;padding:2px 4px;} .infobox-limited {max-height:200px;overflow:auto;overflow-x:hidden;} .broadcast-red {background-color:#AA5544;color:white;padding:2px 4px;} .message-learn-canlearn {font-weight:bold;color:#228822;text-decoration:underline;} .message-learn-cannotlearn {font-weight:bold;color:#CC2222;text-decoration:underline;} .message-effect-weak {font-weight:bold;color:#CC2222;} .message-effect-resist {font-weight:bold;color:#6688AA;} .message-effect-immune {font-weight:bold;color:#666666;} .message-learn-list {margin-top:0;margin-bottom:0;} .message-throttle-notice, .message-error {color:#992222;} .message-overflow, .chat small.message-overflow {font-size:0pt;} .message-overflow::before {font-size:9pt;content:'...';} .subtle {color:#3A4A66;}
</style>
<div class="wrapper replay-wrapper" style="max-width:1180px;margin:0 auto">
<input type="hidden" name="replayid" value="gen7randombattle-566870786" />
<div class="battle"></div><div class="battle-log"></div><div class="replay-controls"></div><div class="replay-controls-2"></div>
<h1 style="font-weight:normal;text-align:center"><strong>[Gen 7] Random Battle</strong><br /><a href="http://pokemonshowdown.com/users/lucas512" class="subtle" target="_blank">lucas512</a> vs. <a href="http://pokemonshowdown.com/users/saturnobk" class="subtle" target="_blank">SaturnoBK</a></h1>
<script type="text/plain" class="battle-log-data">|j|lucas512
|j|SaturnoBK
|player|p1|lucas512|169
|player|p2|SaturnoBK|248
|gametype|singles
|gen|7
|tier|[Gen 7] Random Battle
|rated
|seed|37664,1143,48067,9677,18664,56930,11082,35655,17660,22675,8775,25056
|rule|Sleep Clause Mod: Limit one foe put to sleep
|rule|HP Percentage Mod: HP is shown in percentages
|
|start
|switch|p1a: Arcanine|Arcanine, L77, M|100\/100
|switch|p2a: Emboar|Emboar, L79, M|100\/100
|-ability|p1a: Arcanine|Intimidate|boost
|-unboost|p2a: Emboar|atk|1
|turn|1
|choice|switch 3|move stoneedge
|
|switch|p1a: Haxorus|Haxorus, L77, F|100\/100
|-ability|p1a: Haxorus|Mold Breaker
|move|p2a: Emboar|Stone Edge|p1a: Haxorus
|-damage|p1a: Haxorus|80\/100
|
|upkeep
|turn|2
|choice|move dragondance|switch 4
|
|switch|p2a: Doublade|Doublade, L79, M|100\/100
|move|p1a: Haxorus|Dragon Dance|p1a: Haxorus
|-boost|p1a: Haxorus|atk|1
|-boost|p1a: Haxorus|spe|1
|
|upkeep
|turn|3
|choice|move earthquake|move ironhead
|
|move|p1a: Haxorus|Earthquake|p2a: Doublade
|-supereffective|p2a: Doublade
|-damage|p2a: Doublade|28\/100
|-damage|p1a: Haxorus|70\/100|[from] item: Life Orb
|move|p2a: Doublade|Iron Head|p1a: Haxorus
|-damage|p1a: Haxorus|34\/100
|
|upkeep
|turn|4
|choice|move earthquake|move shadowsneak
|
|move|p2a: Doublade|Shadow Sneak|p1a: Haxorus
|-damage|p1a: Haxorus|16\/100
|move|p1a: Haxorus|Earthquake|p2a: Doublade
|-supereffective|p2a: Doublade
|-damage|p2a: Doublade|0 fnt
|-damage|p1a: Haxorus|7\/100|[from] item: Life Orb
|faint|p2a: Doublade
|
|upkeep
|choice||switch 5
|
|switch|p2a: Seismitoad|Seismitoad, L79, F|100\/100
|turn|5
|choice|move dragonclaw|move knockoff
|
|move|p1a: Haxorus|Dragon Claw|p2a: Seismitoad
|-damage|p2a: Seismitoad|21\/100
|-damage|p1a: Haxorus|0 fnt|[from] item: Life Orb
|faint|p1a: Haxorus
|move|p2a: Seismitoad|Knock Off|p1: Haxorus|[notarget]
|-notarget
|
|upkeep
|choice|switch 6|
|
|switch|p1a: Cherrim|Cherrim, L79, M|100\/100
|turn|6
|choice|switch 2|move knockoff
|
|switch|p1a: Espeon|Espeon, L75, M|100\/100
|move|p2a: Seismitoad|Knock Off|p1a: Espeon
|-supereffective|p1a: Espeon
|-damage|p1a: Espeon|0 fnt
|-enditem|p1a: Espeon|Leftovers|[from] move: Knock Off|[of] p2a: Seismitoad
|-damage|p2a: Seismitoad|11\/100|[from] item: Life Orb
|faint|p1a: Espeon
|
|upkeep
|choice|switch 2|
|
|switch|p1a: Cherrim|Cherrim, L79, M|100\/100
|turn|7
|choice|move gigadrain|move knockoff
|
|move|p1a: Cherrim|Giga Drain|p2a: Seismitoad
|-supereffective|p2a: Seismitoad
|-damage|p2a: Seismitoad|0 fnt
|faint|p2a: Seismitoad
|
|upkeep
|choice||switch 2
|
|switch|p2a: Gothitelle|Gothitelle, L76, M|100\/100
|turn|8
|choice|move sunnyday|move calmmind
|
|move|p1a: Cherrim|Sunny Day|p1a: Cherrim
|-weather|SunnyDay
|-formechange|p1a: Cherrim|Cherrim-Sunshine|[msg]|[from] ability: Flower Gift
|move|p2a: Gothitelle|Calm Mind|p2a: Gothitelle
|-boost|p2a: Gothitelle|spa|1
|-boost|p2a: Gothitelle|spd|1
|
|-weather|SunnyDay|[upkeep]
|upkeep
|turn|9
|choice|move weatherball|move calmmind
|
|move|p1a: Cherrim|Weather Ball|p2a: Gothitelle
|-damage|p2a: Gothitelle|75\/100
|move|p2a: Gothitelle|Calm Mind|p2a: Gothitelle
|-boost|p2a: Gothitelle|spa|1
|-boost|p2a: Gothitelle|spd|1
|
|-weather|SunnyDay|[upkeep]
|upkeep
|turn|10
|choice|move weatherball|move psychic
|
|move|p1a: Cherrim|Weather Ball|p2a: Gothitelle
|-damage|p2a: Gothitelle|57\/100
|move|p2a: Gothitelle|Psychic|p1a: Cherrim
|-crit|p1a: Cherrim
|-damage|p1a: Cherrim|4\/100
|-damage|p2a: Gothitelle|47\/100|[from] item: Life Orb
|
|-weather|SunnyDay|[upkeep]
|upkeep
|turn|11
|choice|move weatherball|move hiddenpower
|
|move|p1a: Cherrim|Weather Ball|p2a: Gothitelle
|-damage|p2a: Gothitelle|30\/100
|move|p2a: Gothitelle|Hidden Power|p1a: Cherrim
|-damage|p1a: Cherrim|0 fnt
|-damage|p2a: Gothitelle|20\/100|[from] item: Life Orb
|faint|p1a: Cherrim
|
|-weather|SunnyDay|[upkeep]
|upkeep
|choice|switch 4|
|
|switch|p1a: Pinsir|Pinsir, L75, M|100\/100
|turn|12
|choice|move return mega|move psychic
|
|detailschange|p1a: Pinsir|Pinsir-Mega, L75, M
|-mega|p1a: Pinsir|Pinsir|Pinsirite
|move|p1a: Pinsir|Return|p2a: Gothitelle
|-damage|p2a: Gothitelle|0 fnt
|faint|p2a: Gothitelle
|
|-weather|SunnyDay|[upkeep]
|upkeep
|choice||switch 6
|
|switch|p2a: Barbaracle|Barbaracle, L79, M|100\/100
|turn|13
|choice|move closecombat|move shellsmash
|
|move|p1a: Pinsir|Close Combat|p2a: Barbaracle
|-supereffective|p2a: Barbaracle
|-damage|p2a: Barbaracle|26\/100
|-unboost|p1a: Pinsir|def|1
|-unboost|p1a: Pinsir|spd|1
|move|p2a: Barbaracle|Shell Smash|p2a: Barbaracle
|-unboost|p2a: Barbaracle|def|1
|-unboost|p2a: Barbaracle|spd|1
|-boost|p2a: Barbaracle|atk|2
|-boost|p2a: Barbaracle|spa|2
|-boost|p2a: Barbaracle|spe|2
|-enditem|p2a: Barbaracle|White Herb
|-clearnegativeboost|p2a: Barbaracle|[silent]
|
|-weather|SunnyDay|[upkeep]
|upkeep
|turn|14
|choice|move closecombat|move stoneedge
|
|move|p2a: Barbaracle|Stone Edge|p1a: Pinsir
|-supereffective|p1a: Pinsir
|-damage|p1a: Pinsir|0 fnt
|faint|p1a: Pinsir
|
|-weather|SunnyDay|[upkeep]
|upkeep
|choice|switch 5|
|
|switch|p1a: Togetic|Togetic, L79, F|100\/100
|turn|15
|choice|move dazzlinggleam|move stoneedge
|
|move|p2a: Barbaracle|Stone Edge|p1a: Togetic
|-supereffective|p1a: Togetic
|-damage|p1a: Togetic|0 fnt
|faint|p1a: Togetic
|
|-weather|none
|upkeep
|choice|switch 3|
|
|switch|p1a: Arcanine|Arcanine, L77, M|100\/100
|-ability|p1a: Arcanine|Intimidate|boost
|-unboost|p2a: Barbaracle|atk|1
|turn|16
|choice|move wildcharge|move razorshell
|
|move|p2a: Barbaracle|Razor Shell|p1a: Arcanine
|-supereffective|p1a: Arcanine
|-damage|p1a: Arcanine|0 fnt
|faint|p1a: Arcanine
|
|win|SaturnoBK
|raw|lucas512's rating: 1493 &rarr; <strong>1467<\/strong><br \/>(-26 for losing)
|raw|SaturnoBK's rating: 1392 &rarr; <strong>1417<\/strong><br \/>(+25 for winning)
|c|☆SaturnoBK|Gg
|c|☆SaturnoBK|Kkkkkkk
|l|lucas512</script>
</div>
<div class="battle-log battle-log-inline"><div class="inner"><div class="chat"><small>lucas512 joined.</small></div><div class="chat"><small>SaturnoBK joined.</small></div><div style="padding:5px 0"><small>Format:</small> <br><strong>[Gen 7] Random Battle</strong></div><div class="rated"><strong>Rated battle</strong></div><div><small><em>Sleep Clause Mod:</em> Limit one foe put to sleep</small></div><div><small><em>HP Percentage Mod:</em> HP is shown in percentages</small></div><div>Battle between lucas512 and SaturnoBK started!</div><div class="spacer"></div><div>Go! Arcanine!</div><div class="spacer"></div><div>SaturnoBK sent out Emboar!</div><div><small>[<span class="battle-nickname" title="Arcanine">Arcanine</span>'s Intimidate!]</small></div><div><small>The opposing <span class="battle-nickname-foe" title="Emboar">Emboar</span>'s Attack fell! </small></div><h2>Turn 1</h2><div class="spacer"></div><div><span class="battle-nickname" title="Arcanine">Arcanine</span>, come back!</div><div class="spacer"></div><div>Go! Haxorus!</div><div><small>[<span class="battle-nickname" title="Haxorus">Haxorus</span>'s Mold Breaker!]</small></div><div><small><span class="battle-nickname" title="Haxorus">Haxorus</span> breaks the mold!</small></div><div class="spacer"></div><div>The opposing <span class="battle-nickname-foe" title="Emboar">Emboar</span> used <strong>Stone Edge</strong>!</div><div><small><span class="battle-nickname" title="Haxorus">Haxorus</span> lost 20% of its health!</small><br></div><h2>Turn 2</h2><div class="spacer"></div><div>SaturnoBK withdrew Emboar!</div><div class="spacer"></div><div>SaturnoBK sent out Doublade!</div><div class="spacer"></div><div><span class="battle-nickname" title="Haxorus">Haxorus</span> used <strong>Dragon Dance</strong>!</div><div><small><span class="battle-nickname" title="Haxorus">Haxorus</span>'s Attack rose! <span class="battle-nickname" title="Haxorus">Haxorus</span>'s Speed rose! </small></div><h2>Turn 3</h2><div class="spacer"></div><div><span class="battle-nickname" title="Haxorus">Haxorus</span> used <strong>Earthquake</strong>!</div><div><small>It's super effective! </small><small>The opposing <span class="battle-nickname-foe" title="Doublade">Doublade</span> lost 72% of its health!</small><br></div><div><small><span class="battle-nickname" title="Haxorus">Haxorus</span> lost some of its HP!</small></div><div class="spacer"></div><div>The opposing <span class="battle-nickname-foe" title="Doublade">Doublade</span> used <strong>Iron Head</strong>!</div><div><small><span class="battle-nickname" title="Haxorus">Haxorus</span> lost 36% of its health!</small><br></div><h2>Turn 4</h2><div class="spacer"></div><div>The opposing <span class="battle-nickname-foe" title="Doublade">Doublade</span> used <strong>Shadow Sneak</strong>!</div><div><small><span class="battle-nickname" title="Haxorus">Haxorus</span> lost 18% of its health!</small><br></div><div class="spacer"></div><div><span class="battle-nickname" title="Haxorus">Haxorus</span> used <strong>Earthquake</strong>!</div><div><small>It's super effective! </small><small>The opposing <span class="battle-nickname-foe" title="Doublade">Doublade</span> lost 28% of its health!</small><br></div><div><small><span class="battle-nickname" title="Haxorus">Haxorus</span> lost some of its HP!</small></div><div class="spacer"></div><div>The opposing <span class="battle-nickname-foe" title="Doublade">Doublade</span> fainted!</div><div class="spacer"></div><div>SaturnoBK sent out Seismitoad!</div><h2>Turn 5</h2><div class="spacer"></div><div><span class="battle-nickname" title="Haxorus">Haxorus</span> used <strong>Dragon Claw</strong>!</div><div><small>The opposing <span class="battle-nickname-foe" title="Seismitoad">Seismitoad</span> lost 79% of its health!</small><br></div><div><small><span class="battle-nickname" title="Haxorus">Haxorus</span> lost some of its HP!</small></div><div class="spacer"></div><div><span class="battle-nickname" title="Haxorus">Haxorus</span> fainted!</div><div class="spacer"></div><div>The opposing <span class="battle-nickname-foe" title="Seismitoad">Seismitoad</span> used <strong>Knock Off</strong>!</div><div><small>But it failed!</small></div><div class="spacer"></div><div>Go! Cherrim!</div><h2>Turn 6</h2><div class="spacer"></div><div><span class="battle-nickname" title="Cherrim">Cherrim</span>, come back!</div><div class="spacer"></div><div>Go! Espeon!</div><div class="spacer"></div><div>The opposing <span class="battle-nickname-foe" title="Seismitoad">Seismitoad</span> used <strong>Knock Off</strong>!</div><div><small>It's super effective! </small><small><span class="battle-nickname" title="Espeon">Espeon</span> lost 100% of its health!</small><br></div><div><small>The opposing <span class="battle-nickname-foe" title="Seismitoad">Seismitoad</span> knocked off <span class="battle-nickname" title="Espeon">Espeon</span>'s Leftovers!</small></div><div><small>The opposing <span class="battle-nickname-foe" title="Seismitoad">Seismitoad</span> lost some of its HP!</small></div><div class="spacer"></div><div><span class="battle-nickname" title="Espeon">Espeon</span> fainted!</div><div class="spacer"></div><div>Go! Cherrim!</div><h2>Turn 7</h2><div class="spacer"></div><div><span class="battle-nickname" title="Cherrim">Cherrim</span> used <strong>Giga Drain</strong>!</div><div><small>It's super effective! </small><small>The opposing <span class="battle-nickname-foe" title="Seismitoad">Seismitoad</span> lost 11% of its health!</small><br></div><div class="spacer"></div><div>The opposing <span class="battle-nickname-foe" title="Seismitoad">Seismitoad</span> fainted!</div><div class="spacer"></div><div>SaturnoBK sent out Gothitelle!</div><h2>Turn 8</h2><div class="spacer"></div><div><span class="battle-nickname" title="Cherrim">Cherrim</span> used <strong>Sunny Day</strong>!</div><div><small>The sunlight turned harsh!</small></div><div><small>[<span class="battle-nickname" title="Cherrim">Cherrim</span>'s Flower Gift!]</small></div><div><small><span class="battle-nickname" title="Cherrim">Cherrim</span> transformed!</small></div><div class="spacer"></div><div>The opposing <span class="battle-nickname-foe" title="Gothitelle">Gothitelle</span> used <strong>Calm Mind</strong>!</div><div><small>The opposing <span class="battle-nickname-foe" title="Gothitelle">Gothitelle</span>'s Special Attack rose! The opposing <span class="battle-nickname-foe" title="Gothitelle">Gothitelle</span>'s Special Defense rose! </small></div><h2>Turn 9</h2><div class="spacer"></div><div><span class="battle-nickname" title="Cherrim">Cherrim</span> used <strong>Weather Ball</strong>!</div><div><small>The opposing <span class="battle-nickname-foe" title="Gothitelle">Gothitelle</span> lost 25% of its health!</small><br></div><div class="spacer"></div><div>The opposing <span class="battle-nickname-foe" title="Gothitelle">Gothitelle</span> used <strong>Calm Mind</strong>!</div><div><small>The opposing <span class="battle-nickname-foe" title="Gothitelle">Gothitelle</span>'s Special Attack rose! The opposing <span class="battle-nickname-foe" title="Gothitelle">Gothitelle</span>'s Special Defense rose! </small></div><h2>Turn 10</h2><div class="spacer"></div><div><span class="battle-nickname" title="Cherrim">Cherrim</span> used <strong>Weather Ball</strong>!</div><div><small>The opposing <span class="battle-nickname-foe" title="Gothitelle">Gothitelle</span> lost 18% of its health!</small><br></div><div class="spacer"></div><div>The opposing <span class="battle-nickname-foe" title="Gothitelle">Gothitelle</span> used <strong>Psychic</strong>!</div><div><small>A critical hit! </small><small><span class="battle-nickname" title="Cherrim">Cherrim</span> lost 96% of its health!</small><br></div><div><small>The opposing <span class="battle-nickname-foe" title="Gothitelle">Gothitelle</span> lost some of its HP!</small></div><h2>Turn 11</h2><div class="spacer"></div><div><span class="battle-nickname" title="Cherrim">Cherrim</span> used <strong>Weather Ball</strong>!</div><div><small>The opposing <span class="battle-nickname-foe" title="Gothitelle">Gothitelle</span> lost 17% of its health!</small><br></div><div class="spacer"></div><div>The opposing <span class="battle-nickname-foe" title="Gothitelle">Gothitelle</span> used <strong>Hidden Power</strong>!</div><div><small><span class="battle-nickname" title="Cherrim">Cherrim</span> lost 4% of its health!</small><br></div><div><small>The opposing <span class="battle-nickname-foe" title="Gothitelle">Gothitelle</span> lost some of its HP!</small></div><div class="spacer"></div><div><span class="battle-nickname" title="Cherrim">Cherrim</span> fainted!</div><div class="spacer"></div><div>Go! Pinsir!</div><h2>Turn 12</h2><div class="spacer"></div><div><small><span class="battle-nickname" title="Pinsir-Mega">Pinsir</span>'s Pinsirite is reacting to lucas512's Mega Bracelet!<br><span class="battle-nickname" title="Pinsir-Mega">Pinsir</span> has Mega Evolved into Mega Pinsir!</small></div><div class="spacer"></div><div><span class="battle-nickname" title="Pinsir-Mega">Pinsir</span> used <strong>Return</strong>!</div><div><small>The opposing <span class="battle-nickname-foe" title="Gothitelle">Gothitelle</span> lost 20% of its health!</small><br></div><div class="spacer"></div><div>The opposing <span class="battle-nickname-foe" title="Gothitelle">Gothitelle</span> fainted!</div><div class="spacer"></div><div>SaturnoBK sent out Barbaracle!</div><h2>Turn 13</h2><div class="spacer"></div><div><span class="battle-nickname" title="Pinsir-Mega">Pinsir</span> used <strong>Close Combat</strong>!</div><div><small>It's super effective! </small><small>The opposing <span class="battle-nickname-foe" title="Barbaracle">Barbaracle</span> lost 74% of its health!</small><br></div><div><small><span class="battle-nickname" title="Pinsir-Mega">Pinsir</span>'s Defense fell! <span class="battle-nickname" title="Pinsir-Mega">Pinsir</span>'s Special Defense fell! </small></div><div class="spacer"></div><div>The opposing <span class="battle-nickname-foe" title="Barbaracle">Barbaracle</span> used <strong>Shell Smash</strong>!</div><div><small>The opposing <span class="battle-nickname-foe" title="Barbaracle">Barbaracle</span>'s Defense fell! The opposing <span class="battle-nickname-foe" title="Barbaracle">Barbaracle</span>'s Special Defense fell! </small></div><div><small>The opposing <span class="battle-nickname-foe" title="Barbaracle">Barbaracle</span>'s Attack rose sharply! The opposing <span class="battle-nickname-foe" title="Barbaracle">Barbaracle</span>'s Special Attack rose sharply! The opposing <span class="battle-nickname-foe" title="Barbaracle">Barbaracle</span>'s Speed rose sharply! </small></div><div><small>The opposing <span class="battle-nickname-foe" title="Barbaracle">Barbaracle</span> returned its status to normal using its White Herb!</small></div><h2>Turn 14</h2><div class="spacer"></div><div>The opposing <span class="battle-nickname-foe" title="Barbaracle">Barbaracle</span> used <strong>Stone Edge</strong>!</div><div><small>It's super effective! </small><small><span class="battle-nickname" title="Pinsir-Mega">Pinsir</span> lost 100% of its health!</small><br></div><div class="spacer"></div><div><span class="battle-nickname" title="Pinsir-Mega">Pinsir</span> fainted!</div><div class="spacer"></div><div>Go! Togetic!</div><h2>Turn 15</h2><div class="spacer"></div><div>The opposing <span class="battle-nickname-foe" title="Barbaracle">Barbaracle</span> used <strong>Stone Edge</strong>!</div><div><small>It's super effective! </small><small><span class="battle-nickname" title="Togetic">Togetic</span> lost 100% of its health!</small><br></div><div class="spacer"></div><div><span class="battle-nickname" title="Togetic">Togetic</span> fainted!</div><div class="spacer"></div><div><small>The sunlight faded.</small></div><div class="spacer"></div><div>Go! Arcanine!</div><div><small>[<span class="battle-nickname" title="Arcanine">Arcanine</span>'s Intimidate!]</small></div><div><small>The opposing <span class="battle-nickname-foe" title="Barbaracle">Barbaracle</span>'s Attack fell! </small></div><h2>Turn 16</h2><div class="spacer"></div><div>The opposing <span class="battle-nickname-foe" title="Barbaracle">Barbaracle</span> used <strong>Razor Shell</strong>!</div><div><small>It's super effective! </small><small><span class="battle-nickname" title="Arcanine">Arcanine</span> lost 100% of its health!</small><br></div><div class="spacer"></div><div><span class="battle-nickname" title="Arcanine">Arcanine</span> fainted!</div><div class="spacer"></div><div>SaturnoBK won the battle!</div><div class="chat">lucas512's rating: 1493 → <strong>1467</strong><br>(-26 for losing)</div><div class="chat">SaturnoBK's rating: 1392 → <strong>1417</strong><br>(+25 for winning)</div><div class="chat chatmessage-saturnobk"><strong style="color:hsl(168,81%,32%);"><small>☆</small><span class="username" data-name="SaturnoBK">SaturnoBK</span>:</strong> <em>Gg</em></div><div class="chat chatmessage-saturnobk"><strong style="color:hsl(168,81%,32%);"><small>☆</small><span class="username" data-name="SaturnoBK">SaturnoBK</span>:</strong> <em>Kkkkkkk</em></div><div class="chat"><small>lucas512 left.</small></div></div></div>
</div>
<script>
var daily = Math.floor(Date.now()/1000/60/60/24);document.write('<script src="https://play.pokemonshowdown.com/js/replay-embed.js?version'+daily+'"></'+'script>');
</script>
