<!DOCTYPE html>
<meta charset="utf-8" />
<!-- version 1 -->
<title>[Gen 7] Random Battle replay: Olimpo Laloe vs. HEATO TAQUITO</title>
<style>
html,body {font-family:Verdana, sans-serif;font-size:10pt;margin:0;padding:0;}body{padding:12px 0;} .battle-log {font-family:Verdana, sans-serif;font-size:10pt;} .battle-log-inline {border:1px solid #AAAAAA;background:#EEF2F5;color:black;max-width:640px;margin:0 auto 80px;padding-bottom:5px;} .battle-log .inner {padding:4px 8px 0px 8px;} .battle-log .inner-preempt {padding:0 8px 4px 8px;} .battle-log .inner-after {margin-top:0.5em;} .battle-log h2 {margin:0.5em -8px;padding:4px 8px;border:1px solid #AAAAAA;background:#E0E7EA;border-left:0;border-right:0;font-family:Verdana, sans-serif;font-size:13pt;} .battle-log .chat {vertical-align:middle;padding:3px 0 3px 0;font-size:8pt;} .battle-log .chat strong {color:#40576A;} .battle-log .chat em {padding:1px 4px 1px 3px;color:#000000;font-style:normal;} .chat.mine {background:rgba(0,0,0,0.05);margin-left:-8px;margin-right:-8px;padding-left:8px;padding-right:8px;} .spoiler {color:#BBBBBB;background:#BBBBBB;padding:0px 3px;} .spoiler:hover, .spoiler:active, .spoiler-shown {color:#000000;background:#E2E2E2;padding:0px 3px;} .spoiler a {color:#BBBBBB;} .spoiler:hover a, .spoiler:active a, .spoiler-shown a {color:#2288CC;} .chat code, .chat .spoiler:hover code, .chat .spoiler:active code, .chat .spoiler-shown code {border:1px solid #C0C0C0;background:#EEEEEE;color:black;padding:0 2px;} .chat .spoiler code {border:1px solid #CCCCCC;background:#CCCCCC;color:#CCCCCC;} .battle-log .rated {padding:3px 4px;} .battle-log .rated strong {color:white;background:#89A;padding:1px 4px;border-radius:4px;} .spacer {margin-top:0.5em;} .message-announce {background:#6688AA;color:white;padding:1px 4px 2px;} .message-announce a, .broadcast-green a, .broadcast-blue a, .broadcast-red a {color:#DDEEFF;} .broadcast-green {background-color:#559955;color:white;padding:2px 4px;} .broadcast-blue {background-color:#6688AA;color:white;padding:2px 4px;} .infobox {border:1px solid #6688AA;padding:2px 4px;} .infobox-limited {max-height:200px;overflow:auto;overflow-x:hidden;} .broadcast-red {background-color:#AA5544;color:white;padding:2px 4px;} .message-learn-canlearn {font-weight:bold;color:#228822;text-decoration:underline;} .message-learn-cannotlearn {font-weight:bold;color:#CC2222;text-decoration:underline;} .message-effect-weak {font-weight:bold;color:#CC2222;} .message-effect-resist {font-weight:bold;color:#6688AA;} .message-effect-immune {font-weight:bold;color:#666666;} .message-learn-list {margin-top:0;margin-bottom:0;} .message-throttle-notice, .message-error {color:#992222;} .message-overflow, .chat small.message-overflow {font-size:0pt;} .message-overflow::before {font-size:9pt;content:'...';} .subtle {color:#3A4A66;}
</style>
<div class="wrapper replay-wrapper" style="max-width:1180px;margin:0 auto">
<input type="hidden" name="replayid" value="gen7randombattle-566896091" />
<div class="battle"></div><div class="battle-log"></div><div class="replay-controls"></div><div class="replay-controls-2"></div>
<h1 style="font-weight:normal;text-align:center"><strong>[Gen 7] Random Battle</strong><br /><a href="http://pokemonshowdown.com/users/olimpolaloe" class="subtle" target="_blank">Olimpo Laloe</a> vs. <a href="http://pokemonshowdown.com/users/heatotaquito" class="subtle" target="_blank">HEATO TAQUITO</a></h1>
<script type="text/plain" class="battle-log-data">|j|Olimpo Laloe
|j|HEATO TAQUITO
|player|p1|Olimpo Laloe|290
|player|p2|HEATO TAQUITO|190
|gametype|singles
|gen|7
|tier|[Gen 7] Random Battle
|rated
|seed|62783,47014,17299,39307,48081,20628,41868,58643,18076,59543,3550,28045
|rule|Sleep Clause Mod: Limit one foe put to sleep
|rule|HP Percentage Mod: HP is shown in percentages
|
|start
|switch|p1a: Tsareena|Tsareena, L77, F|100\/100
|switch|p2a: Mew|Mew, L77|100\/100
|turn|1
|inactive|Battle timer is ON: inactive players will automatically lose when time's up. (requested by HEATO TAQUITO)
|choice|move uturn|move stealthrock
|
|move|p1a: Tsareena|U-turn|p2a: Mew
|-supereffective|p2a: Mew
|-damage|p2a: Mew|63\/100
|choice|switch 6|
|
|switch|p1a: Sigilyph|Sigilyph, L79, M|100\/100
|move|p2a: Mew|Stealth Rock|p1a: Sigilyph
|-sidestart|p1: Olimpo Laloe|move: Stealth Rock
|
|-heal|p2a: Mew|70\/100|[from] item: Leftovers
|-status|p1a: Sigilyph|brn|[from] item: Flame Orb
|upkeep
|turn|2
|choice|move cosmicpower|switch 4
|
|switch|p2a: Tapu Koko|Tapu Koko, L75|100\/100
|-fieldstart|move: Electric Terrain|[from] ability: Electric Surge|[of] p2a: Tapu Koko
|move|p1a: Sigilyph|Cosmic Power|p1a: Sigilyph
|-boost|p1a: Sigilyph|def|1
|-boost|p1a: Sigilyph|spd|1
|
|upkeep
|turn|3
|c|☆HEATO TAQUITO|bro u sleepin?
|c|☆Olimpo Laloe|srry
|c|☆Olimpo Laloe|phone
|choice|switch 5|move wildcharge
|
|switch|p1a: Seismitoad|Seismitoad, L79, F|100\/100
|-damage|p1a: Seismitoad|94\/100|[from] Stealth Rock
|move|p2a: Tapu Koko|Wild Charge|p1a: Seismitoad
|-immune|p1a: Seismitoad|[msg]
|
|upkeep
|turn|4
|choice|move raindance|switch 6
|
|switch|p2a: Dodrio|Dodrio, L79, F|100\/100
|move|p1a: Seismitoad|Rain Dance|p1a: Seismitoad
|-weather|RainDance
|
|-weather|RainDance|[upkeep]
|upkeep
|turn|5
|choice|move hydropump|switch 3
|
|switch|p2a: Kingdra|Kingdra, L79, F|100\/100
|move|p1a: Seismitoad|Hydro Pump|p2a: Kingdra
|-resisted|p2a: Kingdra
|-damage|p2a: Kingdra|86\/100
|
|-weather|RainDance|[upkeep]
|-heal|p2a: Kingdra|92\/100|[from] item: Leftovers
|upkeep
|turn|6
|choice|move toxic|move hydropump
|
|move|p2a: Kingdra|Hydro Pump|p1a: Seismitoad|[miss]
|-miss|p2a: Kingdra|p1a: Seismitoad
|move|p1a: Seismitoad|Toxic|p2a: Kingdra
|-status|p2a: Kingdra|tox
|
|-weather|RainDance|[upkeep]
|-heal|p2a: Kingdra|98\/100 tox|[from] item: Leftovers
|-damage|p2a: Kingdra|92\/100 tox|[from] psn
|-fieldend|move: Electric Terrain
|upkeep
|turn|7
|choice|move earthquake|move hydropump
|
|move|p2a: Kingdra|Hydro Pump|p1a: Seismitoad
|-damage|p1a: Seismitoad|36\/100
|move|p1a: Seismitoad|Earthquake|p2a: Kingdra
|-damage|p2a: Kingdra|51\/100 tox
|
|-weather|RainDance|[upkeep]
|-heal|p2a: Kingdra|57\/100 tox|[from] item: Leftovers
|-damage|p2a: Kingdra|45\/100 tox|[from] psn
|upkeep
|turn|8
|choice|move earthquake|move hydropump
|
|move|p2a: Kingdra|Hydro Pump|p1a: Seismitoad
|-damage|p1a: Seismitoad|0 fnt
|faint|p1a: Seismitoad
|
|-weather|RainDance|[upkeep]
|-heal|p2a: Kingdra|51\/100 tox|[from] item: Leftovers
|-damage|p2a: Kingdra|33\/100 tox|[from] psn
|upkeep
|choice|switch 6|
|
|switch|p1a: Tsareena|Tsareena, L77, F|100\/100
|-damage|p1a: Tsareena|88\/100|[from] Stealth Rock
|turn|9
|choice|move tropkick|switch 5
|
|switch|p2a: Ninetales|Ninetales, L79, F|100\/100
|-weather|SunnyDay|[from] ability: Drought|[of] p2a: Ninetales
|move|p1a: Tsareena|Trop Kick|p2a: Ninetales
|-resisted|p2a: Ninetales
|-damage|p2a: Ninetales|84\/100
|-unboost|p2a: Ninetales|atk|1
|
|-weather|SunnyDay|[upkeep]
|-heal|p2a: Ninetales|90\/100|[from] item: Leftovers
|upkeep
|turn|10
|choice|switch 2|switch 6
|
|switch|p1a: Sylveon|Sylveon, L75, F|100\/100
|-damage|p1a: Sylveon|88\/100|[from] Stealth Rock
|switch|p2a: Tapu Koko|Tapu Koko, L75|100\/100
|-fieldstart|move: Electric Terrain|[from] ability: Electric Surge|[of] p2a: Tapu Koko
|
|-weather|SunnyDay|[upkeep]
|-heal|p1a: Sylveon|94\/100|[from] item: Leftovers
|upkeep
|turn|11
|choice|move wish|move voltswitch
|
|move|p2a: Tapu Koko|Volt Switch|p1a: Sylveon
|-damage|p1a: Sylveon|68\/100
|choice||switch 4
|
|switch|p2a: Mew|Mew, L77|70\/100
|move|p1a: Sylveon|Wish|p1a: Sylveon
|
|-weather|SunnyDay|[upkeep]
|-heal|p2a: Mew|76\/100|[from] item: Leftovers
|-heal|p1a: Sylveon|74\/100|[from] item: Leftovers
|upkeep
|turn|12
|choice|move hypervoice|move psyshock
|
|move|p2a: Mew|Psyshock|p1a: Sylveon
|-damage|p1a: Sylveon|35\/100
|move|p1a: Sylveon|Hyper Voice|p2a: Mew
|-damage|p2a: Mew|42\/100
|
|-weather|SunnyDay|[upkeep]
|-heal|p1a: Sylveon|85\/100|[from] move: Wish|[wisher] Sylveon
|-heal|p2a: Mew|48\/100|[from] item: Leftovers
|-heal|p1a: Sylveon|91\/100|[from] item: Leftovers
|upkeep
|turn|13
|choice|move wish|move psyshock
|
|move|p2a: Mew|Psyshock|p1a: Sylveon
|-damage|p1a: Sylveon|53\/100
|move|p1a: Sylveon|Wish|p1a: Sylveon
|
|-weather|none
|-heal|p2a: Mew|54\/100|[from] item: Leftovers
|-heal|p1a: Sylveon|59\/100|[from] item: Leftovers
|upkeep
|turn|14
|choice|move shadowball|switch 2
|
|switch|p2a: Wailord|Wailord, L79, M|100\/100
|move|p1a: Sylveon|Shadow Ball|p2a: Wailord
|-damage|p2a: Wailord|80\/100
|
|-heal|p1a: Sylveon|100\/100|[from] move: Wish|[wisher] Sylveon
|-fieldend|move: Electric Terrain
|upkeep
|turn|15
|choice|move hypervoice|move waterspout
|
|move|p2a: Wailord|Water Spout|p1a: Sylveon
|-damage|p1a: Sylveon|68\/100
|move|p1a: Sylveon|Hyper Voice|p2a: Wailord
|-crit|p2a: Wailord
|-damage|p2a: Wailord|13\/100
|
|-heal|p1a: Sylveon|74\/100|[from] item: Leftovers
|upkeep
|turn|16
|choice|move wish|switch 3
|
|switch|p2a: Dodrio|Dodrio, L79, F|100\/100
|move|p1a: Sylveon|Wish|p1a: Sylveon
|
|-heal|p1a: Sylveon|80\/100|[from] item: Leftovers
|upkeep
|turn|17
|choice|move hypervoice|move swordsdance
|
|move|p2a: Dodrio|Swords Dance|p2a: Dodrio
|-boost|p2a: Dodrio|atk|2
|move|p1a: Sylveon|Hyper Voice|p2a: Dodrio
|-damage|p2a: Dodrio|34\/100
|
|-heal|p1a: Sylveon|100\/100|[from] move: Wish|[wisher] Sylveon
|upkeep
|turn|18
|choice|switch 3|move bravebird
|
|switch|p1a: Spiritomb|Spiritomb, L79, M|100\/100
|-damage|p1a: Spiritomb|88\/100|[from] Stealth Rock
|move|p2a: Dodrio|Brave Bird|p1a: Spiritomb
|-damage|p1a: Spiritomb|0 fnt
|-damage|p2a: Dodrio|8\/100|[from] recoil|[of] p1a: Spiritomb
|-damage|p2a: Dodrio|0 fnt|[from] item: Life Orb
|faint|p1a: Spiritomb
|faint|p2a: Dodrio
|
|upkeep
|choice|switch 3|switch 4
|
|switch|p2a: Tapu Koko|Tapu Koko, L75|100\/100
|switch|p1a: Sylveon|Sylveon, L75, F|100\/100
|-fieldstart|move: Electric Terrain|[from] ability: Electric Surge|[of] p2a: Tapu Koko
|-damage|p1a: Sylveon|88\/100|[from] Stealth Rock
|turn|19
|choice|move wish|move wildcharge
|
|move|p2a: Tapu Koko|Wild Charge|p1a: Sylveon
|-damage|p1a: Sylveon|14\/100
|-damage|p2a: Tapu Koko|79\/100|[from] recoil|[of] p1a: Sylveon
|move|p1a: Sylveon|Wish|p1a: Sylveon
|
|-heal|p1a: Sylveon|20\/100|[from] item: Leftovers
|upkeep
|turn|20
|choice|switch 2|move bravebird
|
|switch|p1a: Tsareena|Tsareena, L77, F|88\/100
|-damage|p1a: Tsareena|76\/100|[from] Stealth Rock
|move|p2a: Tapu Koko|Brave Bird|p1a: Tsareena
|-supereffective|p1a: Tsareena
|-damage|p1a: Tsareena|0 fnt
|-damage|p2a: Tapu Koko|53\/100|[from] recoil|[of] p1a: Tsareena
|faint|p1a: Tsareena
|
|upkeep
|c|☆Olimpo Laloe|reshet
|c|☆HEATO TAQUITO|?
|choice|switch 5|
|
|switch|p1a: Sigilyph|Sigilyph, L79, M|100\/100 brn
|turn|21
|choice|move storedpower|move wildcharge
|
|move|p2a: Tapu Koko|Wild Charge|p1a: Sigilyph
|-supereffective|p1a: Sigilyph
|-damage|p1a: Sigilyph|0 fnt
|-damage|p2a: Tapu Koko|27\/100|[from] recoil|[of] p1a: Sigilyph
|faint|p1a: Sigilyph
|
|upkeep
|choice|switch 4|
|
|switch|p1a: Cloyster|Cloyster, L79, F|100\/100
|-damage|p1a: Cloyster|76\/100|[from] Stealth Rock
|turn|22
|choice|move shellsmash|move voltswitch
|
|move|p2a: Tapu Koko|Volt Switch|p1a: Cloyster
|-supereffective|p1a: Cloyster
|-damage|p1a: Cloyster|0 fnt
|faint|p1a: Cloyster
|choice||switch 6
|
|switch|p2a: Ninetales|Ninetales, L79, F|90\/100
|-weather|SunnyDay|[from] ability: Drought|[of] p2a: Ninetales
|
|-weather|SunnyDay|[upkeep]
|-heal|p2a: Ninetales|96\/100|[from] item: Leftovers
|upkeep
|-message|Olimpo Laloe forfeited.
|
|win|HEATO TAQUITO
|l|Olimpo Laloe</script>
</div>
<div class="battle-log battle-log-inline"><div class="inner"><div class="chat"><small>Olimpo Laloe joined.</small></div><div class="chat"><small>HEATO TAQUITO joined.</small></div><div style="padding:5px 0"><small>Format:</small> <br><strong>[Gen 7] Random Battle</strong></div><div class="rated"><strong>Rated battle</strong></div><div><small><em>Sleep Clause Mod:</em> Limit one foe put to sleep</small></div><div><small><em>HP Percentage Mod:</em> HP is shown in percentages</small></div><div>Battle between Olimpo Laloe and HEATO TAQUITO started!</div><div class="spacer"></div><div>Go! Tsareena!</div><div class="spacer"></div><div>HEATO TAQUITO sent out Mew!</div><h2>Turn 1</h2><div class="chat message-error">Battle timer is ON: inactive players will automatically lose when time's up. (requested by HEATO TAQUITO)</div><div class="spacer"></div><div><span class="battle-nickname" title="Tsareena">Tsareena</span> used <strong>U-turn</strong>!</div><div><small>It's super effective! </small><small>The opposing <span class="battle-nickname-foe" title="Mew">Mew</span> lost 37% of its health!</small><br></div><div class="spacer"></div><div><span class="battle-nickname" title="Tsareena">Tsareena</span> went back to Olimpo Laloe!</div><div class="spacer"></div><div>Go! Sigilyph!</div><div class="spacer"></div><div>The opposing <span class="battle-nickname-foe" title="Mew">Mew</span> used <strong>Stealth Rock</strong>!</div><div><small>Pointed stones float in the air around your team!</small></div><div class="spacer"></div><div><small>The opposing <span class="battle-nickname-foe" title="Mew">Mew</span> restored a little HP using its Leftovers!</small></div><div><small><span class="battle-nickname" title="Sigilyph">Sigilyph</span> was burned by the Flame Orb!</small></div><h2>Turn 2</h2><div class="spacer"></div><div>HEATO TAQUITO withdrew Mew!</div><div class="spacer"></div><div>HEATO TAQUITO sent out Tapu Koko!</div><div><small>[Opposing <span class="battle-nickname-foe" title="Tapu Koko">Tapu Koko</span>'s Electric Surge!]</small></div><div><small>An electric current runs across the battlefield!</small></div><div class="spacer"></div><div><span class="battle-nickname" title="Sigilyph">Sigilyph</span> used <strong>Cosmic Power</strong>!</div><div><small><span class="battle-nickname" title="Sigilyph">Sigilyph</span>'s Defense rose! <span class="battle-nickname" title="Sigilyph">Sigilyph</span>'s Special Defense rose! </small></div><h2>Turn 3</h2><div class="chat chatmessage-heatotaquito"><strong style="color:hsl(319,57.51247480000001%,51.51247480000001%);"><small>☆</small><span class="username" data-name="HEATO TAQUITO">HEATO TAQUITO</span>:</strong> <em>bro u sleepin?</em></div><div class="chat chatmessage-olimpolaloe"><strong style="color:hsl(20,50.382999999999996%,39.617000000000004%);"><small>☆</small><span class="username" data-name="Olimpo Laloe">Olimpo Laloe</span>:</strong> <em>srry</em></div><div class="chat chatmessage-olimpolaloe"><strong style="color:hsl(20,50.382999999999996%,39.617000000000004%);"><small>☆</small><span class="username" data-name="Olimpo Laloe">Olimpo Laloe</span>:</strong> <em>phone</em></div><div class="spacer"></div><div><span class="battle-nickname" title="Sigilyph">Sigilyph</span>, come back!</div><div class="spacer"></div><div>Go! Seismitoad!</div><div><small>Pointed stones dug into <span class="battle-nickname" title="Seismitoad">Seismitoad</span>!</small></div><div class="spacer"></div><div>The opposing <span class="battle-nickname-foe" title="Tapu Koko">Tapu Koko</span> used <strong>Wild Charge</strong>!</div><div><small>It doesn't affect <span class="battle-nickname" title="Seismitoad">Seismitoad</span>... </small></div><h2>Turn 4</h2><div class="spacer"></div><div>HEATO TAQUITO withdrew Tapu Koko!</div><div class="spacer"></div><div>HEATO TAQUITO sent out Dodrio!</div><div class="spacer"></div><div><span class="battle-nickname" title="Seismitoad">Seismitoad</span> used <strong>Rain Dance</strong>!</div><div><small>It started to rain!</small></div><h2>Turn 5</h2><div class="spacer"></div><div>HEATO TAQUITO withdrew Dodrio!</div><div class="spacer"></div><div>HEATO TAQUITO sent out Kingdra!</div><div class="spacer"></div><div><span class="battle-nickname" title="Seismitoad">Seismitoad</span> used <strong>Hydro Pump</strong>!</div><div><small>It's not very effective... </small><small>The opposing <span class="battle-nickname-foe" title="Kingdra">Kingdra</span> lost 14% of its health!</small><br></div><div class="spacer"></div><div><small>The opposing <span class="battle-nickname-foe" title="Kingdra">Kingdra</span> restored a little HP using its Leftovers!</small></div><h2>Turn 6</h2><div class="spacer"></div><div>The opposing <span class="battle-nickname-foe" title="Kingdra">Kingdra</span> used <strong>Hydro Pump</strong>!</div><div><small><span class="battle-nickname" title="Seismitoad">Seismitoad</span> avoided the attack!</small></div><div class="spacer"></div><div><span class="battle-nickname" title="Seismitoad">Seismitoad</span> used <strong>Toxic</strong>!</div><div><small>The opposing <span class="battle-nickname-foe" title="Kingdra">Kingdra</span> was badly poisoned!</small></div><div class="spacer"></div><div><small>The opposing <span class="battle-nickname-foe" title="Kingdra">Kingdra</span> restored a little HP using its Leftovers!</small></div><div><small>The opposing <span class="battle-nickname-foe" title="Kingdra">Kingdra</span> was hurt by poison!</small></div><div><small>The electricity disappeared from the battlefield.</small></div><h2>Turn 7</h2><div class="spacer"></div><div>The opposing <span class="battle-nickname-foe" title="Kingdra">Kingdra</span> used <strong>Hydro Pump</strong>!</div><div><small><span class="battle-nickname" title="Seismitoad">Seismitoad</span> lost 58% of its health!</small><br></div><div class="spacer"></div><div><span class="battle-nickname" title="Seismitoad">Seismitoad</span> used <strong>Earthquake</strong>!</div><div><small>The opposing <span class="battle-nickname-foe" title="Kingdra">Kingdra</span> lost 41% of its health!</small><br></div><div class="spacer"></div><div><small>The opposing <span class="battle-nickname-foe" title="Kingdra">Kingdra</span> restored a little HP using its Leftovers!</small></div><div><small>The opposing <span class="battle-nickname-foe" title="Kingdra">Kingdra</span> was hurt by poison!</small></div><h2>Turn 8</h2><div class="spacer"></div><div>The opposing <span class="battle-nickname-foe" title="Kingdra">Kingdra</span> used <strong>Hydro Pump</strong>!</div><div><small><span class="battle-nickname" title="Seismitoad">Seismitoad</span> lost 36% of its health!</small><br></div><div class="spacer"></div><div><span class="battle-nickname" title="Seismitoad">Seismitoad</span> fainted!</div><div class="spacer"></div><div><small>The opposing <span class="battle-nickname-foe" title="Kingdra">Kingdra</span> restored a little HP using its Leftovers!</small></div><div><small>The opposing <span class="battle-nickname-foe" title="Kingdra">Kingdra</span> was hurt by poison!</small></div><div class="spacer"></div><div>Go! Tsareena!</div><div><small>Pointed stones dug into <span class="battle-nickname" title="Tsareena">Tsareena</span>!</small></div><h2>Turn 9</h2><div class="spacer"></div><div>HEATO TAQUITO withdrew Kingdra!</div><div class="spacer"></div><div>HEATO TAQUITO sent out Ninetales!</div><div><small>[Opposing <span class="battle-nickname-foe" title="Ninetales">Ninetales</span>'s Drought!]</small></div><div><small>The sunlight turned harsh!</small></div><div class="spacer"></div><div><span class="battle-nickname" title="Tsareena">Tsareena</span> used <strong>Trop Kick</strong>!</div><div><small>It's not very effective... </small><small>The opposing <span class="battle-nickname-foe" title="Ninetales">Ninetales</span> lost 16% of its health!</small><br></div><div><small>The opposing <span class="battle-nickname-foe" title="Ninetales">Ninetales</span>'s Attack fell! </small></div><div class="spacer"></div><div><small>The opposing <span class="battle-nickname-foe" title="Ninetales">Ninetales</span> restored a little HP using its Leftovers!</small></div><h2>Turn 10</h2><div class="spacer"></div><div><span class="battle-nickname" title="Tsareena">Tsareena</span>, come back!</div><div class="spacer"></div><div>Go! Sylveon!</div><div><small>Pointed stones dug into <span class="battle-nickname" title="Sylveon">Sylveon</span>!</small></div><div class="spacer"></div><div>HEATO TAQUITO withdrew Ninetales!</div><div class="spacer"></div><div>HEATO TAQUITO sent out Tapu Koko!</div><div><small>[Opposing <span class="battle-nickname-foe" title="Tapu Koko">Tapu Koko</span>'s Electric Surge!]</small></div><div><small>An electric current runs across the battlefield!</small></div><div class="spacer"></div><div><small><span class="battle-nickname" title="Sylveon">Sylveon</span> restored a little HP using its Leftovers!</small></div><h2>Turn 11</h2><div class="spacer"></div><div>The opposing <span class="battle-nickname-foe" title="Tapu Koko">Tapu Koko</span> used <strong>Volt Switch</strong>!</div><div><small><span class="battle-nickname" title="Sylveon">Sylveon</span> lost 26% of its health!</small><br></div><div class="spacer"></div><div>The opposing <span class="battle-nickname-foe" title="Tapu Koko">Tapu Koko</span> went back to HEATO TAQUITO!</div><div class="spacer"></div><div>HEATO TAQUITO sent out Mew!</div><div class="spacer"></div><div><span class="battle-nickname" title="Sylveon">Sylveon</span> used <strong>Wish</strong>!</div><div class="spacer"></div><div><small>The opposing <span class="battle-nickname-foe" title="Mew">Mew</span> restored a little HP using its Leftovers!</small></div><div><small><span class="battle-nickname" title="Sylveon">Sylveon</span> restored a little HP using its Leftovers!</small></div><h2>Turn 12</h2><div class="spacer"></div><div>The opposing <span class="battle-nickname-foe" title="Mew">Mew</span> used <strong>Psyshock</strong>!</div><div><small><span class="battle-nickname" title="Sylveon">Sylveon</span> lost 39% of its health!</small><br></div><div class="spacer"></div><div><span class="battle-nickname" title="Sylveon">Sylveon</span> used <strong>Hyper Voice</strong>!</div><div><small>The opposing <span class="battle-nickname-foe" title="Mew">Mew</span> lost 34% of its health!</small><br></div><div class="spacer"></div><div><small>Sylveon's wish came true!</small></div><div><small>The opposing <span class="battle-nickname-foe" title="Mew">Mew</span> restored a little HP using its Leftovers!</small></div><div><small><span class="battle-nickname" title="Sylveon">Sylveon</span> restored a little HP using its Leftovers!</small></div><h2>Turn 13</h2><div class="spacer"></div><div>The opposing <span class="battle-nickname-foe" title="Mew">Mew</span> used <strong>Psyshock</strong>!</div><div><small><span class="battle-nickname" title="Sylveon">Sylveon</span> lost 38% of its health!</small><br></div><div class="spacer"></div><div><span class="battle-nickname" title="Sylveon">Sylveon</span> used <strong>Wish</strong>!</div><div class="spacer"></div><div><small>The sunlight faded.</small></div><div><small>The opposing <span class="battle-nickname-foe" title="Mew">Mew</span> restored a little HP using its Leftovers!</small></div><div><small><span class="battle-nickname" title="Sylveon">Sylveon</span> restored a little HP using its Leftovers!</small></div><h2>Turn 14</h2><div class="spacer"></div><div>HEATO TAQUITO withdrew Mew!</div><div class="spacer"></div><div>HEATO TAQUITO sent out Wailord!</div><div class="spacer"></div><div><span class="battle-nickname" title="Sylveon">Sylveon</span> used <strong>Shadow Ball</strong>!</div><div><small>The opposing <span class="battle-nickname-foe" title="Wailord">Wailord</span> lost 20% of its health!</small><br></div><div class="spacer"></div><div><small>Sylveon's wish came true!</small></div><div><small>The electricity disappeared from the battlefield.</small></div><h2>Turn 15</h2><div class="spacer"></div><div>The opposing <span class="battle-nickname-foe" title="Wailord">Wailord</span> used <strong>Water Spout</strong>!</div><div><small><span class="battle-nickname" title="Sylveon">Sylveon</span> lost 32% of its health!</small><br></div><div class="spacer"></div><div><span class="battle-nickname" title="Sylveon">Sylveon</span> used <strong>Hyper Voice</strong>!</div><div><small>A critical hit! </small><small>The opposing <span class="battle-nickname-foe" title="Wailord">Wailord</span> lost 67% of its health!</small><br></div><div class="spacer"></div><div><small><span class="battle-nickname" title="Sylveon">Sylveon</span> restored a little HP using its Leftovers!</small></div><h2>Turn 16</h2><div class="spacer"></div><div>HEATO TAQUITO withdrew Wailord!</div><div class="spacer"></div><div>HEATO TAQUITO sent out Dodrio!</div><div class="spacer"></div><div><span class="battle-nickname" title="Sylveon">Sylveon</span> used <strong>Wish</strong>!</div><div class="spacer"></div><div><small><span class="battle-nickname" title="Sylveon">Sylveon</span> restored a little HP using its Leftovers!</small></div><h2>Turn 17</h2><div class="spacer"></div><div>The opposing <span class="battle-nickname-foe" title="Dodrio">Dodrio</span> used <strong>Swords Dance</strong>!</div><div><small>The opposing <span class="battle-nickname-foe" title="Dodrio">Dodrio</span>'s Attack rose sharply! </small></div><div class="spacer"></div><div><span class="battle-nickname" title="Sylveon">Sylveon</span> used <strong>Hyper Voice</strong>!</div><div><small>The opposing <span class="battle-nickname-foe" title="Dodrio">Dodrio</span> lost 66% of its health!</small><br></div><div class="spacer"></div><div><small>Sylveon's wish came true!</small></div><h2>Turn 18</h2><div class="spacer"></div><div><span class="battle-nickname" title="Sylveon">Sylveon</span>, come back!</div><div class="spacer"></div><div>Go! Spiritomb!</div><div><small>Pointed stones dug into <span class="battle-nickname" title="Spiritomb">Spiritomb</span>!</small></div><div class="spacer"></div><div>The opposing <span class="battle-nickname-foe" title="Dodrio">Dodrio</span> used <strong>Brave Bird</strong>!</div><div><small><span class="battle-nickname" title="Spiritomb">Spiritomb</span> lost 88% of its health!</small><br></div><div><small>The opposing <span class="battle-nickname-foe" title="Dodrio">Dodrio</span> is damaged by the recoil!</small></div><div><small>The opposing <span class="battle-nickname-foe" title="Dodrio">Dodrio</span> lost some of its HP!</small></div><div class="spacer"></div><div><span class="battle-nickname" title="Spiritomb">Spiritomb</span> fainted!</div><div class="spacer"></div><div>The opposing <span class="battle-nickname-foe" title="Dodrio">Dodrio</span> fainted!</div><div class="spacer"></div><div>HEATO TAQUITO sent out Tapu Koko!</div><div class="spacer"></div><div>Go! Sylveon!</div><div><small>[Opposing <span class="battle-nickname-foe" title="Tapu Koko">Tapu Koko</span>'s Electric Surge!]</small></div><div><small>An electric current runs across the battlefield!</small></div><div><small>Pointed stones dug into <span class="battle-nickname" title="Sylveon">Sylveon</span>!</small></div><h2>Turn 19</h2><div class="spacer"></div><div>The opposing <span class="battle-nickname-foe" title="Tapu Koko">Tapu Koko</span> used <strong>Wild Charge</strong>!</div><div><small><span class="battle-nickname" title="Sylveon">Sylveon</span> lost 74% of its health!</small><br></div><div><small>The opposing <span class="battle-nickname-foe" title="Tapu Koko">Tapu Koko</span> is damaged by the recoil!</small></div><div class="spacer"></div><div><span class="battle-nickname" title="Sylveon">Sylveon</span> used <strong>Wish</strong>!</div><div class="spacer"></div><div><small><span class="battle-nickname" title="Sylveon">Sylveon</span> restored a little HP using its Leftovers!</small></div><h2>Turn 20</h2><div class="spacer"></div><div><span class="battle-nickname" title="Sylveon">Sylveon</span>, come back!</div><div class="spacer"></div><div>Go! Tsareena!</div><div><small>Pointed stones dug into <span class="battle-nickname" title="Tsareena">Tsareena</span>!</small></div><div class="spacer"></div><div>The opposing <span class="battle-nickname-foe" title="Tapu Koko">Tapu Koko</span> used <strong>Brave Bird</strong>!</div><div><small>It's super effective! </small><small><span class="battle-nickname" title="Tsareena">Tsareena</span> lost 76% of its health!</small><br></div><div><small>The opposing <span class="battle-nickname-foe" title="Tapu Koko">Tapu Koko</span> is damaged by the recoil!</small></div><div class="spacer"></div><div><span class="battle-nickname" title="Tsareena">Tsareena</span> fainted!</div><div class="chat chatmessage-olimpolaloe"><strong style="color:hsl(20,50.382999999999996%,39.617000000000004%);"><small>☆</small><span class="username" data-name="Olimpo Laloe">Olimpo Laloe</span>:</strong> <em>reshet</em></div><div class="chat chatmessage-heatotaquito"><strong style="color:hsl(319,57.51247480000001%,51.51247480000001%);"><small>☆</small><span class="username" data-name="HEATO TAQUITO">HEATO TAQUITO</span>:</strong> <em>?</em></div><div class="spacer"></div><div>Go! Sigilyph!</div><h2>Turn 21</h2><div class="spacer"></div><div>The opposing <span class="battle-nickname-foe" title="Tapu Koko">Tapu Koko</span> used <strong>Wild Charge</strong>!</div><div><small>It's super effective! </small><small><span class="battle-nickname" title="Sigilyph">Sigilyph</span> lost 100% of its health!</small><br></div><div><small>The opposing <span class="battle-nickname-foe" title="Tapu Koko">Tapu Koko</span> is damaged by the recoil!</small></div><div class="spacer"></div><div><span class="battle-nickname" title="Sigilyph">Sigilyph</span> fainted!</div><div class="spacer"></div><div>Go! Cloyster!</div><div><small>Pointed stones dug into <span class="battle-nickname" title="Cloyster">Cloyster</span>!</small></div><h2>Turn 22</h2><div class="spacer"></div><div>The opposing <span class="battle-nickname-foe" title="Tapu Koko">Tapu Koko</span> used <strong>Volt Switch</strong>!</div><div><small>It's super effective! </small><small><span class="battle-nickname" title="Cloyster">Cloyster</span> lost 76% of its health!</small><br></div><div class="spacer"></div><div><span class="battle-nickname" title="Cloyster">Cloyster</span> fainted!</div><div class="spacer"></div><div>The opposing <span class="battle-nickname-foe" title="Tapu Koko">Tapu Koko</span> went back to HEATO TAQUITO!</div><div class="spacer"></div><div>HEATO TAQUITO sent out Ninetales!</div><div><small>[Opposing <span class="battle-nickname-foe" title="Ninetales">Ninetales</span>'s Drought!]</small></div><div><small>The sunlight turned harsh!</small></div><div class="spacer"></div><div><small>The opposing <span class="battle-nickname-foe" title="Ninetales">Ninetales</span> restored a little HP using its Leftovers!</small></div><div><small>Olimpo Laloe forfeited.</small></div><div class="spacer"></div><div>HEATO TAQUITO won the battle!</div><div class="chat"><small>Olimpo Laloe left.</small></div></div></div>
</div>
<script>
var daily = Math.floor(Date.now()/1000/60/60/24);document.write('<script src="https://play.pokemonshowdown.com/js/replay-embed.js?version'+daily+'"></'+'script>');
</script>
